3278 4900
788 248 1036 318 -18-.

305 434 393 498 rabis
415 454 486 499 cum
509 433 565 511 eis,
588 453 670 517 quae
692 440 767 498 sunt
788 434 937 500 Palatino
961 454 1143 500 communes
1165 455 1237 500 cum
1258 434 1371 500 alteris
1393 434 1481 500 codi-

306 539 406 618 cibus,
428 539 503 604 illas
525 539 670 606 invenies
692 539 857 624 octoginta
875 540 953 624 fere,
976 540 1035 605 has
1058 543 1130 606 octo
1153 540 1209 626 (cf.
1231 562 1262 627 p.
1275 543 1339 623 16),
1360 540 1394 606 in
1416 559 1480 623 quo
1609 526 1610 598 i

303 643 338 708 id
357 644 560 729 potissimum
588 643 740 729 ponderis
762 651 812 712 est
838 645 986 729 maximi,
1019 645 1104 728 quod
1132 645 1244 716 ordine
1266 638 1435 713 verborum
1457 667 1479 730 p

305 770 376 815 cum
397 752 448 818 Le
467 749 626 816 terdecies
648 749 731 832 iere,
765 771 836 817 cum
858 751 969 818 alteris
991 750 1157 817 codicibus
1179 753 1294 834 semel,
1322 773 1385 818 non
1407 772 1480 817 sae·

304 855 377 940 pius
400 856 573 940 conspirat.
1245 848 1249 856 ’

387 960 501 1039 Qualis
529 949 683 1027 fueritis
712 960 830 1042 codes,
867 982 908 1027 ex
935 981 996 1044 quo
1018 984 1039 1047 p
1068 963 1226 1046 quaedam
1248 962 1403 1044 adscivit,
1431 961 1479 1026 di-

305 1064 443 1130 iudicari
463 1086 527 1131 non
549 1071 673 1150 potest;
694 1066 730 1130 id
751 1074 858 1134 tamen
880 1067 1273 1150 animadvertiinterdum
1295 1067 1478 1132 Palatinum

305 1190 377 1235 eum
400 1171 542 1258 (A)b(a)
566 1173 776 1250 concordare,
798 1174 886 1238 velut
908 1193 969 1238 om.
988 1178 1060 1254 715,
1084 1177 1121 1238 11
1143 1177 1172 1238 is
1195 1179 1228 1240 et
1247 1179 1318 1255 723,
1341 1176 1381 1238 27
1402 1175 1480 1258 ipsis

306 1276 366 1360 bp,
386 1281 458 1353 728,
479 1279 520 1342 20
541 1278 664 1362 quidem
685 1279 780 1364 Abp,
803 1283 874 1360 tls,
895 1282 935 1343 27
957 1280 1068 1362 calore,
1090 1284 1161 1358 724,
1174 1283 1217 1345 24
1237 1283 1330 1360 cntra,
1352 1269 1424 1358 728,
1440 1280 1479 1342 13

305 1381 447 1446 Romano
467 1384 590 1468 Abap.

798 1734 984 1821 OaputIL

451 1927 773 2068 (temperatur
807 1905 1105 2070 archetypus
1140 1929 1184 2040 X
1220 1963 1332 2042 oum

720 2085 986 2226 archetypo
1023 2087 1072 2198 Ζ.

387 2329 477 2409 Quae
499 2329 679 2416 scripturae
706 2332 739 2398 in
762 2333 911 2418 partibus
940 2353 1003 2398 non
1026 2334 1129 2398 solum
1150 2331 1306 2398 Bemensi
1330 2336 1367 2398 et
1384 2330 1468 2396 Pala-

303 2435 380 2516 tino,
403 2435 462 2502 sed
484 2437 582 2504 etiarn
595 2438 772 2505 Harleiano
795 2440 934 2506 servatis
956 2437 1192 2505 existimandae
1215 2437 1279 2502 sint
1300 2437 1423 2503 codicis
1438 2434 1474 2515 X,

239 2537 240 2542 ’
304 2541 388 2608 unde
409 2542 477 2627 ch
508 2550 736 2626 manaverunt,
769 2545 802 2609 in
829 2565 904 2629 pag.
927 2547 967 2609 26
999 2542 1238 2609 dissertationis
1260 2539 1477 2610 demonstravi

304 2647 551 2732 compararique
583 2648 617 2713 in
646 2649 753 2734 eapite
775 2651 820 2716 VI
850 2650 934 2716 huno
963 2650 1173 2734 archetypum
1202 2669 1273 2715 cum
1303 2648 1478 2732 archetypo

304 2753 438 2819 alterius
467 2752 612 2820 familiae
640 2755 703 2841 (Z).
746 2756 816 2821 Iam
843 2755 1022 2839 quaeritur,
1055 2754 1228 2836 reliquisne
1260 2753 1294 2819 in
1321 2752 1479 2838 partibus,

303 2857 359 2922 ubi
380 2858 574 2926 Harleianus
601 2861 708 2941 deest,
738 2883 778 2928 ex
805 2860 955 2926 Palatino
983 2864 1016 2926 et
1037 2859 1192 2926 Bemensi
1220 2860 1399 2944 scripturae
1427 2877 1478 2922 co·

304 2962 385 3028 dicis
406 2964 439 3029 X
460 2965 532 3031 elici
554 2967 689 3051 possint.
725 2966 879 3034 Omnibus
902 2966 946 3031 ad
967 2977 1063 3031 unum
1084 2965 1165 3032 locis
1185 2965 1335 3030 Palatino
1358 2970 1390 3030 et
1403 2963 1479 3030 Ber-

304 3069 396 3136 nensi
415 3069 499 3137 inter
520 3091 555 3138 se
578 3072 852 3139 consentientibus
874 3071 1112 3157 repraesentari
1134 3070 1346 3154 archetypum
1363 3069 1395 3134 X
1416 3067 1479 3132 dici

304 3195 369 3242 non
389 3181 511 3261 potest3
540 3198 615 3242 nam
643 3199 683 3245 ex
703 3181 720 3244 I
742 3181 916 3244 110-151
939 3197 995 3242 eos
1016 3177 1118 3260 locos,
1145 3176 1201 3242 ubi
1231 3175 1299 3242 alia
1328 3173 1481 3241 exhibent

304 3301 359 3366 pc,
392 3281 459 3348 alia
481 3283 508 3346 L
534 3303 605 3348 cum
633 3284 766 3350 alterius
796 3283 906 3369 stirpis
935 3282 1102 3349 codicibus
1128 3282 1347 3363 consentiens,
1381 3297 1480 3364 supra

307 3391 351 3472 (p.
375 3390 426 3469 12)
456 3389 572 3472 collegi
600 3391 757 3474 septem,'
777 3389 894 3472 quibus
924 3389 1070 3455 omnibus
1100 3386 1214 3472 opinor
1242 3388 1275 3454 in
1305 3387 1338 3452 X
1366 3383 1479 3453 eadem

305 3493 444 3572 fuerant,
467 3512 550 3576 quae
572 3502 646 3561 sunt
667 3496 700 3561 in
716 3496 742 3560 L
759 3494 934 3578 alterisque
956 3493 1131 3561 codicibus.
1168 3493 1234 3561 Sed
1255 3493 1355 3558 multo
1377 3489 1480 3557 maior

306 3605 355 3666 est
377 3604 410 3665 et
430 3619 580 3666 numerus
602 3608 634 3669 et
654 3601 780 3687 pondus
803 3621 913 3668 eorum
934 3601 1091 3682 locorum,
1123 3599 1239 3683 quibus
1260 3597 1372 3664 variae
1394 3595 1479 3664 eodi-

305 3725 377 3771 cum
398 3727 439 3791 pe
460 3705 639 3791 scripturae
662 3707 889 3774 confirmantur
909 3705 1101 3788 Harleiano‚
1134 3725 1214 3788 quos
1241 3703 1329 3768 intra
1350 3702 1480 3770 eosdem

306 3811 386 3878 fines
414 3813 581 3878 numeravi
610 3813 774 3897 octoginta
795 3813 864 3880 fere
894 3812 948 3894 (of.
970 3832 1001 3895 p.
1025 3814 1065 3878 10
1087 3815 1148 3894 sq.)
1155 3860 1164 3894 ‚
1197 3815 1233 3877 ut
1254 3809 1361 3876 dicere
1382 3809 1481 3874 liceat

306 3917 448 3983 Palatini
478 3923 510 3984 et
537 3918 710 3985 Beruensis
743 3939 933 3986 consensum
964 3939 1028 3984 non
1059 3937 1186 4002 semper
1218 3916 1307 3982 illum
1341 3913 1479 3997 quidem,

306 4023 365 4090 sed
385 4024 572 4109 plerumque
593 4023 728 4091 reddere
760 4025 903 4092 codicem
930 4025 1024 4090 huius
1051 4022 1162 4107 stirpis
1188 4025 1365 4106 parentem.
1401 4019 1479 4114 Pro·

305 4107 445 4214 posrbum
466 4129 564 4214 igItur
584 4129 663 4195 mihi
686 4137 749 4212 est,
772 4137 807 4196 ut
829 4151 940 4199 omnes
961 4129 1131 4216 proferam,
1147 4127 1339 4211 scripturas,
1362 4121 1479 4205 quibus

304 4236 390 4301 intra
411 4237 426 4300 l
448 4237 490 4318 ἐξ
515 4239 627 4301 1-37
652 4237 753 4322 (apud
773 4241 906 4303 maiores
926 4238 1076 4316 nostroe);
1113 4235 1207 4299 1125
1230 4234 1281 4314 (cu
1303 4230 1416 4318 epulis)
1438 4262 1479 4274 -—
