3278 4900
770 311 952 371 -4-

267 493 415 578 cognatis
439 495 615 576 (llrlangae
639 496 719 558 1883
748 499 780 559 et
801 493 884 559 Acta
912 513 990 559 sem.
1014 493 1126 578 philol.
1148 495 1283 578 Erlang.
1305 495 1369 560 vol.
1390 496 1449 559 ΙΠ.

266 601 430 682 Erlangae
454 601 544 680 1884,
567 619 664 683 pagg.
688 601 878 679 als-298),
901 618 1037 680 eumque
1059 599 1289 681 demonstravi,
1316 600 1343 666 si
1366 621 1449 666 corn-

267 710 400 789 paretur
421 705 677 770 oumBern.104
699 709 730 770 et
745 704 905 784 Palatino,
928 705 1026 788 longe
1049 705 1095 771 eis
1112 705 1231 773 uirtute
1248 705 1449 772 antecedere.

268 809 427 887 Quoniam
450 815 557 874 autem
579 808 773 874 Harleianas
796 814 845 874 est
867 809 1014 890 mutilus,
1049 810 1148 874 etiam
1170 810 1355 876 Palatinum
1377 831 1449 875 con-

266 913 345 980 ferri
369 935 451 998 opus
474 934 546 981 esse
565 912 642 978 mihi
656 913 829 980 videbatur
850 913 1049 998 promisique
1065 917 1182 1000 plenae
1199 916 1268 981 eius
1285 913 1451 981 collationi

268 1019 507 1103 comparandae
539 1039 671 1103 operam
703 1019 936 1084 medaturum.
978 1020 1061 1086 Huic
1094 1021 1273 1104 promisso,
1308 1019 1395 1102 quod
1416 1025 1450 1084 ut

266 1131 468 1208 praestarem
494 1123 634 1188 monitus
657 1144 726 1188 rum
755 1143 775 1187 a
795 1124 832 1188 P.
856 1123 1051 1190 Schwenkio
1084 1125 1140 1204 (cf.
1162 1125 1350 1192 Jahresber.
1371 1125 1452 1190 uber

267 1230 320 1296 die
353 1229 565 1294 Fortscbritte
597 1228 655 1294 der
688 1229 784 1294 class.
807 1229 1096 1294 Alterthumswiss.
1126 1233 1208 1294 1884
1235 1253 1266 1316 p.
1289 1236 1379 1314 111),
1417 1235 1451 1294 ut

266 1335 398 1400 tandem
420 1333 543 1419 possim
559 1333 760 1415 satisfacere,
782 1335 832 1398 W.
847 1333 1009 1399 Oreoelius
1025 1333 1097 1403 Nic.
1110 1335 1244 1402 Mueller
1260 1337 1320 1401 Th.
1334 1337 1450 1420 Stang-

267 1441 329 1505 lius
362 1429 551 1516 effecerunt,
584 1437 618 1501 hi
645 1437 731 1504 enim
761 1438 822 1504 viri
855 1438 943 1503 docti
975 1441 1180 1505 contulerunt
1215 1463 1236 1506 a
1259 1463 1310 1508 me
1343 1443 1450 1525 rogati

267 1545 339 1610 libr.
354 1547 371 1608 I
393 1547 435 1625 ἐξ
449 1547 580 1625 1-151,
595 1544 628 1608 II
642 1546 776 1626 25—61,
795 1545 1115 1626 1111-65,73—85,
1129 1547 1262 1622 {lo-98,
1276 1549 1448 1628 roe-121,

266 1671 325 1736 pro
348 1670 413 1733 qua
434 1648 568 1732 egregia
589 1648 786 1715 liberalitate
802 1655 898 1732 atque
921 1650 1041 1714 eximia
1062 1671 1163 1735 opera
1185 1651 1308 1734 gratias
1325 1651 1372 1717 eis
1386 1671 1449 1734 ago

268 1775 365 1837 quam
387 1753 563 1834 maximas,
592 1753 737 1818 adiutum
760 1754 859 1819 etiam
882 1775 954 1821 csse
977 1777 1028 1822 me
1050 1762 1145 1838 grato
1169 1755 1276 1820 animo
1298 1755 1451 1840 profiteor

267 1862 309 1925 ab
331 1860 368 1924 ll.
390 1858 584 1940 Narduccio,
607 1859 661 1940 qui
678 1859 713 1923 P.
729 1859 923 1941 Schwenkii,
947 1866 979 1926 et
1001 1880 1021 1925 a
1042 1860 1102 1924 Th.
1120 1860 1279 1941 Schichio,
1303 1860 1358 1941 qui
1379 1879 1450 1926 mco

266 1971 385 2048 rogatu
412 1963 644 2047 benignissime
667 1965 790 2047 aliquot
811 1966 953 2030 Palatini
979 1967 1069 2030 locos
1102 1965 1207 2031 denuo
1228 1966 1450 2050 inspexerunt.

267 2073 304 2135 In
327 2071 432 2135 altera
454 2067 530 2135 edit.
547 2069 655 2134 Turio.
676 2069 743 2133 iam
764 2069 799 2135 in
820 2071 961 2136 medium
983 2071 1131 2154 prolatae
1154 2076 1247 2136 erant
1270 2070 1449 2154 scripturae

266 2176 339 2240 libr.
360 2177 377 2240 I
398 2177 518 2256 §5152
539 2193 641 2256 usque
665 2173 708 2238 ad
730 2174 834 2257 finem,
857 2178 889 2241 ΙΙ
911 2180 949 2242 61
973 2196 1074 2258 usquc
1097 2175 1140 2239 ad
1161 2175 1224 2253 fin,
1246 2175 1296 2238 III
1317 2178 1449 2240 65-72.

266 2283 442 2346 Praeterea
462 2285 559 2344 notae
581 2279 659 2343 mibi
682 2287 756 2344 sunt
777 2280 935 2365 plurimae
954 2280 1115 2363 gravioris
1127 2279 1280 2365 ponderis
1293 2281 1448 2346 lectiones

266 2385 462 2466 reliquarum
483 2385 718 2468 particularum
741 2387 787 2465 (II
809 2389 850 2467 ἐξ
874 2388 1002 2466 1-24,
1024 2387 1074 2449 III
1095 2387 1244 2466 86—89,
1267 2388 1448 2466 99-108),

141 2496 146 2504 “
266 2509 347 2573 quas
368 2490 463 2573 plene
485 2489 624 2554 conferri
646 2489 725 2552 mihi
745 2489 874 2556 videtur
893 2490 959 2555 iam
982 2511 1046 2555 non
1070 2510 1151 2574 opus
1174 2511 1246 2556 esse
1264 2495 1447 2574 propterea,

266 2594 353 2679 quod
376 2593 488 2675 eae,in
506 2594 684 2659 Harleiano
707 2601 845 2660 exstant.

347 2698 404 2763 Eis
427 2698 526 2781 igitur
548 2719 640 2775 usus,
674 2719 756 2781 quae
778 2700 840 2781 illi,
875 2721 955 2783 quos
978 2697 1243 2780 commemoravi,
1278 2697 1340 2763 viri
1362 2695 1448 2762 docti

266 2802 344 2867 mihi
379 2801 683 2886 suppeditaverunt,
720 2805 858 2888 primum
892 2805 932 2872 de
966 2805 1077 2871 codice
1100 2803 1251 2869 Palatino
1286 2800 1459 2896 copiosius·

266 2928 363 2990 quam
396 2907 513 2972 abhinc
541 2917 607 2973 tres
631 2930 734 2974 annos
764 2910 835 2975 fieri
867 2910 971 2995 potuit
1002 2909 1178 2990 disseram,
1215 2906 1331 2972 deinde
1360 2905 1446 2967 intra

264 3019 375 3098 partes
410 3013 520 3078 codice
544 3013 721 3079 Harleiano
752 3035 815 3080 non
838 3016 977 3080 traditas
1009 3016 1050 3080 ob
1087 3034 1221 3096 eamque
1250 3029 1381 3076 oausam
1412 3007 1446 3072 in

266 3119 495 3185 dissertatione
522 3119 653 3184 relictas
675 3119 887 3205 archetypum
916 3120 1061 3186 ecdicum
1089 3118 1201 3182 Bamb.
1230 3117 1272 3196 B,
1305 3113 1446 3179 Wiroeb.

264 3226 305 3306 H,
328 3226 475 3289 Ambros.
498 3223 582 3308 ΑΙ),
611 3224 705 3289 Bern.
726 3226 747 3289 b
771 3231 802 3290 et
824 3245 844 3288 a
867 3231 922 3304 (=
941 3225 980 3306 Z)
1003 3245 1074 3290 cum
1103 3223 1279 3306 archetypo
1302 3218 1447 3284 codicum

265 3329 355 3393 Harl.
379 3329 416 3410 L,
436 3329 541 3393 Palat.
563 3349 595 3411 p,
618 3327 714 3392 Bern.
737 3349 754 3394 c
777 3331 835 3412 (=
853 3329 899 3414 X)
922 3330 1128 3416 comparabo.

336 3573 363 3637 1)
383 3569 563 3627 Ambrosiani
588 3571 708 3639 partium
733 3585 751 3624 a
770 3571 882 3627 Baitero
910 3573 1067 3628 relictarum
1089 3570 1279 3634 collationem,
1304 3582 1387 3635 quam
1405 3565 1448 3621 Fr.

264 3663 500 3736 Eyssenhardtius
518 3663 647 3732 confecit,
665 3680 772 3720 summa
789 3664 963 3736 benignitate
979 3665 1109 3736 egregius
1128 3664 1173 3720 ille
1190 3664 1233 3718 vir
1246 3661 1312 3715 mibi
1325 3658 1450 3728 permisit

265 3759 406 3816 utendam.
443 3760 562 3816 codices
580 3759 652 3814 Bba
672 3759 732 3828 ipse
751 3760 842 3815 denuo
861 3761 974 3817 contuli.

756 4063 959 4072 -————--—
