3278 4900
628 281 937 358 '-39-

241 479 282 542 ab
306 479 418 545 alteris
441 479 606 546 codicibus
630 481 763 561 absunt,
796 481 964 546 Palatinus
986 482 1124 564 praebet
1145 481 1177 545 in
1199 482 1346 566 margine
1368 481 1424 546 ad·
1468 533 1470 536 .

241 583 378 668 scripta,
409 583 470 649 nisi
498 584 584 667 qued
613 586 692 650 dicit
721 585 876 650 emissum
898 593 930 651 et
951 605 1010 669 pro
1033 605 1070 650 eo
1093 587 1191 671 paulo
1215 605 1314 671 snpra
1338 591 1425 672 (pest

241 692 364 767 auctor)
389 689 642 774 superscriptum
665 696 715 756 est
736 691 858 756 scribit.

323 796 499 861 Praeterea
525 814 608 860 unus
638 795 761 862 alterve
784 809 910 874 ectum,
940 814 1020 876 quea
1049 794 1132 878 dixi,
1165 795 1325 862 editorum
1347 797 1425 864 Ber-

241 918 374 964 nensem
397 920 414 964 c
436 901 538 964 aulum
562 905 691 964 secutus
715 909 765 967 est
787 901 837 966 hin
859 899 955 965 locis:
1463 893 1472 906 ¹

268 1035 270 1038 ·
322 1007 357 1084 Z,
382 1005 526 1068 34ualet
548 1005 616 1090 Zp,
646 1007 750 1069 ualeat
772 1027 788 1070 c
810 1005 938 1071 Schich.
961 1043 999 1052 —
1037 1007 1073 1086 2,
1095 1008 1137 1068 45
1159 1012 1300 1089 spectare
1326 1012 1355 1068 et
1382 1005 1426 1069 cd

220 1108 288 1197 'cn]
313 1117 341 1172 ct
362 1110 425 1193 Zp,
446 1118 538 1194 utque
561 1132 577 1175 c
599 1111 682 1176 Nun.
696 1111 823 1176 Schich.
837 1149 874 1158 -
898 1112 986 1192 3,15
1008 1111 1091 1194 quod
1109 1112 1183 1174 item
1206 1117 1238 1173 ia
1255 1109 1422 1198 poematis]
1521 1163 1523 1172 ,

240 1207 312 1276 iteia
343 1235 360 1278 c
390 1214 474 1278 Bait
505 1215 648 1297 Schieh,
682 1224 783 1280 nutem
814 1216 884 1299 Zp,
917 1215 1000 1278 idem
1032 1215 1114 1279 Nun.
1137 1215 1230 1280 Hein.
1252 1215 1361 1280 Muell.
1383 1203 1425 1261 -'

240 1321 274 1398 3,
297 1321 337 1383 95
369 1319 443 1382 Non
474 1321 582 1403 credo;
615 1322 726 1403 factas
759 1319 852 1406 caim]
878 1320 992 1403 fectae
1018 1339 1035 1384 c
1066 1319 1150 1384 Bait.
1181 1319 1274 1384 Hein.
1302 1319 1424 1384 Mucii.¹1

240 1423 378 1504 Schich,
396 1425 503 1506 facies
523 1426 578 1510 Zp
601 1427 724 1492 Muell.2

323 1634 463 1698 Palatini
503 1635 603 1700 celius
643 1655 726 1717 quae
759 1636 892 1720 propria
926 1641 1000 1700 sunt
1035 1653 1131 1716 quam
1167 1633 1248 1698 nihii
1283 1633 1424 1700 habeant

241 1739 458 1820 auctoritate,
492 1760 686 1823 quamquam
709 1741 742 1804 in
766 1760 836 1824 cap.
859 1741 874 1802 Ι
898 1743 917 1820 ξ
941 1743 958 1803 1
983 1738 1064 1804 satia
1087 1738 1341 1804 demonstratum
1364 1746 1423 1820 est,
1506 1813 1508 1820 Ι

239 1847 360 1924 tamen,
394 1845 546 1924 queniam
575 1845 688 1930 paucis
718 1845 798 1911 locis
822 1843 1029 1910 hauddubie
1052 1863 1162 1908 verum
1189 1842 1344 1906 traditum
1374 1849 1424 1908 est

238 1947 272 2011 in
293 1970 315 2032 p
340 1950 407 2013 scio
432 1949 487 2030 (cf.
500 1970 600 2034 supra
612 1971 688 2034 pag.
702 1953 755 2029 10)
776 1949 829 2015 vel
849 1948 883 2013 in
905 1949 960 2032 Lp
985 1952 1027 2029 (1,
1045 1949 1172 2012 149111
1193 1955 1229 2012 ut
1250 1947 1305 2030 Lp
1326 1947 1421 2028 Non,

240 2055 281 2116 ct'.
303 2073 379 2137 pag.
396 2056 437 2118 25
460 2055 614 2136 dissert),
639 2062 741 2122 restat
762 2060 797 2118 nt
817 2054 1028 2136 inquiramus,
1052 2059 1220 2118 exstentne
1243 2051 1321 2116 alibi
1343 2071 1421 2134 que-

240 2178 302 2240 que
324 2157 356 2222 in
378 2180 400 2243 p
423 2159 603 2243 scripturae
627 2160 797 2244 genuinae.
835 2157 909 2240 Sed,
933 2178 1014 2240 quae
1036 2157 1155 2238 inveni,
1178 2177 1289 2222 earum
1312 2163 1343 2222 et
1364 2177 1421 2221 nn-

237 2283 344 2328 merue
373 2269 423 2330 est
452 2263 602 2330 minimus
636 2271 668 2331 et
696 2285 759 2329 unc
789 2269 925 2346 excepte
952 2263 1024 2327 lccc
1053 2261 1180 2346 pondus
1211 2261 1420 2343 levissimum.

238 2367 320 2433 Sunt
346 2367 430 2434 eninr
458 2369 536 2434 hae:
573 2373 605 2451 1,
628 2373 668 2434 32
691 2371 741 2434 cui
762 2367 960 2454 promiseris]
991 2367 1038 2432 sic
1065 2366 1340 2452 1·ectep(eta),
1371 2368 1423 2430 cui

237 2475 315 2555 qaid
334 2494 435 2557 prom.
458 2476 528 2556 Ac,
557 2477 608 2538 cut
628 2476 711 2560 quod
728 2494 833 2556 prom.
855 2473 913 2536 Hb
936 2476 983 2552 et,
1015 2470 1102 2553 qued
1123 2470 1207 2536 Bait.
1230 2491 1293 2535 ncn
1322 2471 1431 2540 edne.

237 2577 328 2656 tavit,
352 2585 426 2643 ante
450 2599 597 2644 rasuram
621 2580 718 2645 etiam
741 2580 829 2642 B.—
851 2581 910 2659 3‚1
935 2579 1115 2661 appellatus
1138 2579 1195 2657 est]
1218 2587 1261 2640 est
1280 2581 1367 2640 recte
1389 2597 1420 2662 p,

237 2684 280 2744 ait
293 2681 376 2745 Non.
391 2683 444 2746 cZ
460 2685 571 2762 (etiam
583 2685 633 2768 B).
647 2723 684 2732 -
709 2687 792 2762 3,15
813 2704 881 2748 cam
903 2689 975 2746 suut
996 2679 1090 2766 docti]
1114 2687 1186 2744 suat
1198 2701 1229 2764 p,
1252 2684 1293 2744 sit
1308 2701 1334 2760 c,
1357 2683 1421 2744 aiut

237 2786 321 2850 Non.
344 2785 465 2850 BHba
489 2788 642 2867 (fortasse
665 2787 763 2854 etiam
786 2791 838 2869 A).
860 2826 901 2836 —-
934 2789 970 2866 3,
994 2787 1221 2876 3411111111,
1245 2781 1332 2866 quod
1352 2785 1420 2849 Ma-

238 2890 361 2955 nutium
396 2890 499 2956 secuti
528 2891 612 2954 Bait.
635 2893 728 2957 Hein.
753 2892 860 2956 Muell.
884 2891 1099 2975 scripserunt,
1134 2889 1254 2974 exh.'p
1282 2885 1419 2974 (νευρῆς

237 2998 379 3060 venerint
401 3016 418 3060 c
439 2996 480 3077 Z,
514 2995 601 3077 quod
622 2996 745 3080 recepit
767 2996 945 3062 Schichiua
