3278 4900
677 281 883 344 ..29-

189 465 257 528 iltis
269 463 482 546 fortitudinis
503 472 559 528 aat
580 466 618 529 ab
635 464 692 528 too
713 467 854 530 iustitiae
877 473 1036 552 tamquam
1057 490 1077 531 a
1097 471 1239 553 sapiente
1253 475 1375 552 petitae

190 571 378 652 coemptam]
408 577 464 634 aat
490 570 638 634 aristides
657 569 711 636 Zc
734 573 930 653 (aristidesoe
952 572 1005 658 p),
1029 573 1114 656 quod
1136 574 1280 659 spurium
1302 594 1375 640 esse

190 673 350 740 intellexit
379 674 409 739 J.
432 675 473 738 M.
494 675 687 758 Heusinger.
729 676 800 742 Hoc
832 676 1087 744 additamentum
1115 659 1268 764 pervetus
1292 683 1376 761 (erat

191 781 276 846 euim
304 780 371 844 iam
400 779 434 844 in
468 801 506 846 eo
540 781 641 862 libro,
676 801 739 863 quo
776 783 928 848 utebatur
957 783 1159 866 Lactantius)
1189 784 1312 866 effecit,
1342 791 1377 848 11

191 887 386 952 scriberetur
413 885 552 970 primum
581 885 619 949 ab
641 885 691 949 la's
720 886 781 968 (sic
801 887 896 973 ch)
918 907 978 971 pro
1000 890 1039 952 ab
1061 889 1172 970 1111),
1203 889 1321 956 deinde
1342 889 1376 954 in

191 991 224 1056 X
246 1013 267 1056 a
288 992 480 1075 sapientibus
508 990 570 1074 (sic
590 993 652 1074 ρο)
676 1011 735 1074 pro
757 1013 777 1054 a
798 995 952 1076 sapiente,
980 1000 1144 1077 postremo
1175 995 1216 1060 ab
1244 995 1301 1060 illo
1329 994 1376 1059 in-

191 1097 389 1180 terpolatore
413 1095 535 1162 codicis
558 1117 575 1160 c
597 1097 676 1160 iasti
699 1098 913 1160 aomiaaatar.

274 1203 313 1266 In
346 1194 456 1286 spurio
488 1201 545 1268 illo
579 1200 801 1266 additamento
833 1205 866 1280 1,
889 1204 929 1268 36
958 1222 1016 1288 pro
1040 1204 1181 1286 potitae,
1214 1204 1300 1286 quod
1328 1209 1378 1269 est

192 1306 448 1387 vitiosissimum,
471 1308 583 1391 praeb.
605 1327 651 1391 ρο
668 1308 827 1390 patiatur.

277 1411 442 1478 Interdum
472 1411 652 1496 scripturae
680 1411 714 1476 in
743 1433 791 1497 ρο
817 1412 934 1478 obviae
961 1411 1129 1495 profectae
1150 1419 1224 1478 sunt
1246 1434 1287 1478 ex
1307 1433 1378 1478 ver-

193 1517 309 1583 borum
330 1517 363 1583 vi
385 1523 441 1581 aut
464 1516 701 1582 constructione
722 1537 787 1582 non
807 1518 984 1582 intellecta.

279 1627 308 1704 3,
331 1625 373 1688 90
400 1629 484 1686 sorte
512 1630 568 1686 aat
594 1621 755 1710 micando]
781 1623 962 1688 dimicando
985 1643 1033 1708 pc
1057 1627 1088 1688 et
1109 1621 1143 1686 in
1165 1641 1230 1687 ras.
1253 1622 1280 1686 A
1304 1621 1378 1706 (me-

194 1729 428 1807 (1111111111).
619 1725 622 1730 ’

279 1836 308 1913 1,
331 1835 369 1897 31
394 1852 430 1897 ea
451 1836 604 1918 miprare]
627 1853 663 1897 ea
685 1853 801 1917 mopere
822 1852 878 1916 ρο.
907 1917 910 1924 Ι

221 1947 224 1954 ’
278 1941 307 2020 3,
331 1942 389 2003 111
412 1939 560 2003 indicaret
580 1937 735 2024 sacratae]
759 1939 826 2002 iad.
848 1957 941 2002 sacra
961 1957 1017 2022 pc.

279 2047 307 2126 1,
329 2047 349 2109 9
371 2043 455 2108 Nam
476 2051 532 2108 aat
553 2043 752 2108 homestamae
768 2044 872 2126 ‘facta
898 2045 940 2107 sit
968 2063 1011 2106 aa
1039 2050 1130 2126 turpe
1157 2041 1304 2106 dabitaat
1330 2043 1380 2124 iet]

196 2169 256 2233 pro
279 2170 321 2213 aa
343 2149 415 2214 exh.
437 2169 484 2234 ρο
505 2155 575 2226 aat3
598 2167 702 2230 neque
726 2147 811 2214 enim
834 2147 997 2230 cognitum
1019 2155 1068 2213 est
1084 2147 1156 2213 voci
1171 2146 1381 2232 praecedenti

149 2319 156 2328 ,
197 2261 254 2319 aat
274 2254 471 2338 respondere
494 2273 548 2334 ea,
578 2272 662 2334 quae
691 2253 778 2317 infra
805 2254 973 2336 legentum
1007 2252 1085 2317 Tam
1116 2261 1232 2332 aatem3
1266 2251 1380 2348 eadem

198 2358 238 2424 de
261 2378 362 2424 causa
383 2358 417 2424 in
438 2359 493 2424 Ab
516 2366 573 2426 aat
594 2359 723 2424 omnino
746 2359 901 2434 omissum
924 2363 983 2424 est.

281 2467 310 2546 3,
332 2467 373 2529 25
396 2486 485 2549 paem
506 2463 666 2529 homiaem
679 2465 778 2548 sama
801 2464 1018 2548 beaaiaioram
1040 2482 1157 2526 memor
1185 2465 1220 2526 im
1249 2465 1382 2526 comitio

199 2571 378 2636 coelestiam
411 2571 589 2651 cottoaaoit]
611 2570 767 2634 homiaem
790 2576 822 2636 et
853 2571 1006 2633 memoria
1036 2588 1092 2652 ρο.
1135 2566 1236 2632 Fama
1267 2587 1382 2632 memor

200 2676 314 2760 opinor
336 2682 478 2740 autnon
499 2675 698 2740 intellectum
721 2679 771 2740 est
793 2679 936 2739 autnon
958 2673 1038 2738 satis
1059 2672 1193 2758 placuit.

176 2811 181 2819 ·
281 2783 310 2863 3,
334 2784 396 2846 114
422 2782 477 2866 qai
498 2779 643 2864 periculo
669 2782 779 2843 mortis
813 2777 1026 2866 diffapisseat]
1060 2778 1108 2844 sio
1133 2778 1174 2859 Z,
1204 2780 1382 2858 periculam

198 2889 308 2950 mortis
323 2886 518 2971 carpasia
538 2905 600 2969 ρο,
623 2885 793 2966 11111Μ1.2
809 2885 932 2970 recepit
947 2889 979 2950 et
994 2883 1151 2950 defendit.
1179 2883 1381 2966 Quamquam

199 2991 311 3056 Cicero
335 2994 407 3075 (pro
429 2991 511 3055 Rab.
534 2992 588 3068 37)
612 2988 782 3074 scripsisse
805 2989 933 3056 videtur
954 2992 1064 3054 mortis
1081 2989 1262 3073 periculam
1279 2990 1381 3074 sapit,

196 3097 340 3179 periculo
373 3099 484 3160 mortis
514 3094 670 3180 diffapere
702 3101 811 3160 autem
845 3095 879 3157 in
912 3095 982 3160 cius
1012 3094 1105 3160 libris
1135 3115 1199 3158 non
1232 3095 1381 3176 occurrit,

200 3205 310 3263 tamen
331 3219 460 3282 vereor,
496 3221 536 3265 ne
565 3198 712 3264 codicum
740 3221 787 3285 ρο
814 3199 975 3285 scriptura
1002 3219 1066 3264 non
1092 3199 1134 3264 sit
1162 3199 1317 3282 genuina,
1351 3206 1383 3265 et

201 3301 373 3385 acquiesco
400 3303 434 3368 in
457 3305 554 3372 Heini
575 3303 852 3388 interpretatione.
883 3305 1038 3371 Fortasse
1063 3307 1208 3388 periculo
1235 3303 1269 3369 11
1290 3308 1406 3394 11111--

201 3411 306 3474 eatam
328 3413 485 3474 mutatum
508 3415 558 3476 est
580 3408 695 3476 eadem
718 3410 757 3476 de
780 3429 896 3491 carisa,
926 3430 991 3493 qua
1014 3413 1048 3490 1,
1074 3413 1134 3474 128
1155 3430 1215 3495 pro
1237 3409 1276 3476 ab
1297 3415 1384 3476 ommi

202 3554 240 3564 -
254 3515 426 3601 sapiamus
448 3515 602 3601 scriptum
624 3521 674 3580 est
696 3535 785 3579 omae
806 3553 845 3562 -
859 3516 894 3596 f.
918 3515 979 3596 (sic
999 3515 1104 3600 ch).

283 3623 312 3702 3,
334 3622 375 3686 96
398 3641 434 3684 ea
455 3657 495 3666 -
517 3643 610 3706 qaam
637 3623 698 3685 siat
725 3623 854 3684 oirtatis
876 3619 1018 3706 inimica]
1042 3622 1155 3684 virtuti
1175 3639 1223 3704 ρο
1246 3623 1383 3702 (atriati-

201 3725 256 3790 bas
277 3727 357 3803 Ab).
401 3725 560 3804 Quoniam
582 3746 685 3810 neque
708 3724 789 3790 illud
810 3745 914 3808 neque
935 3725 997 3791 hoc
1021 3746 1042 3790 a
1063 3724 1293 3791 consuetudine
1317 3746 1382 3792 ser-

200 3831 304 3896 monis
330 3831 454 3898 recedit
482 3832 538 3913 (cf.
559 3832 656 3897 Tusc.
678 3833 713 3913 4,
735 3833 777 3895 34
805 3834 932 3914 (motas)
956 3834 1059 3896 aversi
1086 3833 1251 3896 aratione
1273 3839 1302 3896 et
1322 3834 1383 3896 iai-

275 4082 300 4144 1)
320 4077 415 4132 Utrum
443 4045 470 4129 11
494 4076 630 4130 Lactantii
654 4075 800 4130 codicibus
824 4080 916 4129 exstet
945 4073 1007 4144 (troo
1027 4088 1061 4126 an
1083 4073 1155 4139 tris),
1176 4074 1288 4142 nescio;
1312 4075 1384 4130 Bait.

202 4175 319 4224 testatur
340 4171 407 4238 „itae
419 4169 608 4234 Lactantius“,
624 4169 679 4224 sed
699 4169 725 4223 in
746 4169 841 4238 Mignii
860 4168 992 4235 editione,
1010 4182 1083 4237 quae
1109 4166 1174 4220 mihi
1198 4174 1311 4235 praesta
1331 4175 1383 4246 ast,

202 4262 303 4340 legitur
321 4266 365 4318 tis
383 4279 475 4332 neque
495 4263 646 4344 quidquam
667 4263 702 4328 de
720 4263 774 4328 hac
792 4277 862 4328 voce
882 4261 1045 4328 adnotatum
1065 4266 1118 4330 est,
1194 4331 1197 4338 .
