3278 4900
800 261 1002 324 „20-

316 449 427 531 quinta
448 447 525 512 mihi
547 453 679 534 praesto
703 453 762 529 cst,
784 447 884 512 Adlcr
907 445 961 526 (cl.
974 445 1129 530 philolog.
1143 445 1338 514 Rundschau
1353 448 1378 528 1,
1397 449 1485 526 1881,

316 558 409 636 1442)
433 553 602 620 Schichius
624 553 779 634 retinent,
808 553 924 636 quibus
955 551 1124 618 assentior.
1167 553 1321 619 Voculam
1342 561 1409 617 tara
1429 573 1487 636 per

316 681 350 726 se
373 660 479 745 ipsam
503 661 672 726 molestam
694 679 766 726 esse
787 679 851 723 non
872 658 1041 742 intelleg03
1071 659 1215 726 ordinem
1237 665 1342 725 autem
1364 665 1430 722 tara
1452 679 1488 722 ea

228 849 229 857 ἵ
311 757 410 850 perf!
420 766 525 831 minus
546 765 701 830 usitatum
723 785 794 832 esse
818 763 965 847 equidem
988 764 1127 830 concedo
1147 783 1242 846 quam
1265 785 1301 829 ec
1321 771 1385 829 tam
1399 763 1487 848 perf.

317 873 372 953 (cs.
396 876 423 953 1,
445 875 487 936 94
509 871 664 956 Quicquid
685 877 728 934 est
751 874 833 934 enirn
854 870 936 955 qaod
957 870 1078 952 deceat,
1105 871 1141 935 id
1161 877 1226 934 tam
1247 877 1398 956 apparet,
1420 889 1487 933 cum

317 981 349 1043 et
375 976 415 1042 de
444 976 542 1042 divin.
564 982 598 1058 1,
621 979 662 1041 70
689 998 766 1063 quae
793 984 898 1040 autera
920 995 999 1060 pars
1028 979 1130 1041 animi
1154 980 1293 1042 rationis
1320 983 1412 1063 atqae
1440 979 1489 1040 ia·
1602 1013 1603 1030 2

241 1157 243 1160 ¹
316 1085 510 1168 telicqeatiae
530 1086 572 1146 sit
587 1084 766 1166 particeps,
794 1103 862 1146 eam
884 1090 946 1166 prm
968 1101 1112 1148 maxume
1130 1085 1249 1168 cipere,
1271 1083 1353 1168 cum)
1377 1088 1432 1148 ant
1453 1103 1491 1146 ea

313 1189 399 1272 perf.
418 1195 491 1270 tara,
511 1188 572 1253 sed
593 1208 780 1272 perversum
803 1208 959 1254 essenon
981 1188 1136 1268 conced03
1164 1209 1240 1254 nam
1262 1195 1297 1254 ut
1318 1188 1397 1254 alibi
1419 1208 1491 1254 sen-

316 1294 419 1361 tentia
440 1293 577 1359 relativa
604 1293 819 1379 praecedente
847 1295 1054 1376 subsequenti
1083 1295 1264 1381 pronomini
1285 1299 1313 1360 is
1333 1295 1491 1380 praeponi

316 1406 452 1485 possunt
477 1401 579 1465 verba
605 1398 763 1482 quaedam
792 1400 951 1484 gravioris
978 1400 1131 1485 ponderis
1160 1402 1491 1486 (1821791114-

308 1507 396 1590 fiunt
416 1508 539 1570 utiliter
560 1505 603 1568 ad
623 1505 782 1568 dominam
805 1509 915 1588 citam,
938 1507 1062 1571 artibus
1080 1528 1115 1571 ea
1138 1507 1320 1572 tribuantur
1341 1509 1492 1592 operosis,

317 1614 412 1677 Tusc.
433 1615 463 1693 2,
485 1615 505 1676 2
527 1611 581 1675 sed
602 1613 656 1694 qai
679 1649 716 1657 -
739 1619 868 1676 mortem
890 1632 953 1676 aaa
975 1615 1075 1693 timet,
1103 1633 1251 1698 meysam
1272 1616 1300 1677 is
1320 1613 1381 1677 sibi
1398 1633 1493 1696 prce-

317 1721 431 1784 sidiam
453 1757 489 1765 —
515 1724 692 1800 comparat,
719 1719 755 1798 5,
777 1720 817 1782 88
845 1718 928 1803 qaod
955 1725 1058 1783 actem
1087 1738 1178 1782 samu
1205 1727 1325 1802 careat,
1339 1719 1429 1796 'aiiii
1448 1720 1494 1784 ad
1604 1735 1605 1752 ¹

317 1845 374 1888 aas
406 1825 442 1888 id
473 1824 592 1888 iudicet
619 1822 809 1907 pertinere),
842 1823 890 1888 ita
924 1824 983 1888 hoc
1014 1824 1085 1890 loco
1119 1832 1182 1888 tam
1215 1847 1250 1889 ea
1281 1824 1364 1890 nihil
1394 1823 1493 1890 habet

318 1928 515 1996 offensionis.

399 2035 513 2100 Utrum
539 2032 573 2097 in
600 2035 625 2098 Z
653 2027 829 2099 omittendo
862 2040 1030 2118 peccatum
1062 2035 1104 2100 sit
1135 2057 1176 2101 an
1208 2035 1359 2102 addendo
1390 2035 1425 2100 in
1450 2035 1490 2117 X,

318 2132 450 2205 difficile
472 2143 521 2204 est
543 2137 721 2205 diiudicare
744 2139 912 2204 hocloco:

400 2249 429 2326 3,
450 2249 486 2309 71
514 2245 575 2324 Qui
596 2248 677 2308 caira
698 2249 779 2310 scire
800 2245 906 2309 debuit
927 2246 966 2309 de
986 2248 1131 2326 sanitate,
1154 2246 1192 2309 de
1203 2246 1302 2330 sapa,
1326 2246 1364 2310 de
1379 2247 1486 2336 fariis¹

314 2359 459 2436 praestat
480 2352 581 2415 edicto
603 2352 767 2433 aedilium]
795 2371 836 2435 pc
861 2353 1019 2435 praebent
1046 2353 1074 2414 is
1096 2358 1251 2432 praestat.
1294 2352 1367 2418 Non
1389 2351 1483 2416 minus

189 2519 191 2526 .
318 2457 415 2523 facile
444 2456 512 2522 fieri
539 2455 657 2540 potuit,
690 2461 725 2519 ut
756 2459 785 2519 is
810 2456 890 2520 inZ
917 2461 991 2541 post
1007 2456 1116 2538 ⁸fartis
1140 2457 1303 2523 excideret
1326 2457 1488 2540 (omissum

319 2562 402 2628 enim
436 2568 486 2628 est
516 2560 549 2625 in
578 2561 603 2624 Z
631 2563 666 2642 3,
688 2564 728 2626 83
755 2583 790 2626 re
816 2568 891 2646 post
919 2563 1111 2644 discrepare,
1134 2566 1167 2643 3,
1189 2567 1210 2627 4
1235 2586 1255 2628 a
1281 2570 1356 2649 post
1385 2567 1491 2644 tacita,

318 2669 459 2733 fortasse
482 2666 579 2732 etiam
601 2671 629 2748 1,
646 2670 704 2732 101
725 2674 753 2731 et
770 2673 845 2752 post
862 2668 973 2749 docet),
996 2687 1092 2749 quam
1114 2674 1150 2733 ut
1172 2669 1205 2733 in
1224 2671 1257 2734 X
1277 2669 1493 2736 inculcaretur

319 2773 377 2852 (cf.
399 2777 428 2854 2,
442 2776 481 2838 78
504 2772 566 2852 aar
588 2812 625 2820 —
644 2781 771 2858 pataret,
795 2773 845 2853 [it
866 2774 901 2854 L,
924 2773 974 2855 hij
995 2777 1048 2859 pc]
1072 2773 1264 2857 labefactarit
1276 2776 1493 2858 sandaracato

317 2882 363 2944 rei
379 2877 549 2962 publicae).
1263 2879 1267 2888 ’

399 2983 460 3049 Hic
481 2983 622 3049 inseram
644 2987 672 3064 1,
694 2985 736 3047 20
758 2987 844 3048 cuias
860 2993 971 3066 partes
993 2985 1074 3050 duae
1095 2990 1179 3068 scat]
1202 2985 1249 3051 sic
1270 2987 1390 3071 pth.;
1417 3009 1494 3070 cp.

317 3099 390 3154 suat
412 3091 492 3154 daae
514 3088 657 3168 Sohich.;
680 3096 752 3152 suat
769 3109 830 3154 om.
844 3089 868 3154 Z
882 3090 936 3153 Ml.
972 3091 1014 3155 Et
1033 3091 1121 3157 illius
1140 3091 1261 3156 ordinis
1282 3092 1377 3175 (duae
1398 3093 1438 3176 s.)
1460 3099 1495 3158 et

318 3197 412 3261 huius
426 3197 463 3280 (s.
477 3196 570 3275 duae)
593 3195 741 3278 exempla
756 3194 969 3273 inveniuntur,
991 3187 1048 3262 sed
1066 3197 1160 3262 huius
1179 3197 1282 3281 plura,
1305 3198 1346 3263 cf.
1359 3203 1439 3264 orat.
1451 3200 1494 3264 28

318 3323 448 3388 quoram
468 3321 583 3385 qaaere
599 3302 807 3384 plorarent,
841 3303 880 3364 87
902 3303 989 3365 caius
1010 3305 1244 3388 praereptura
1264 3311 1344 3385 suat,
1367 3303 1408 3369 de
1428 3303 1494 3367 inv.

319 3411 353 3490 1,
375 3411 415 3472 27
449 3408 668 3470 narrationum
701 3426 816 3490 partera
845 3409 909 3471 tria
937 3416 1024 3487 sani,
1059 3413 1092 3487 1,
1114 3409 1156 3471 20
1182 3429 1298 3492 periero
1327 3429 1494 3474 causarum

318 3515 451 3598 quiaque
477 3517 563 3589 saai3
600 3511 639 3576 de
660 3511 724 3576 inv.
747 3515 783 3592 2,
805 3515 846 3576 84
872 3515 959 3576 cuias
984 3521 1092 3595 partes
1117 3522 1190 3578 suat
1211 3515 1308 3594 duae,
1341 3518 1374 3594 1,
1399 3517 1437 3578 15
1461 3520 1496 3580 et

317 3623 348 3701 2,
371 3623 425 3696 71,
450 3622 478 3697 1,
502 3618 558 3695 27,
589 3620 616 3697 1,
639 3620 679 3682 49
701 3621 768 3682 eius
782 3625 893 3700 partes
914 3627 988 3683 suat
1008 3626 1155 3708 quattuor
1177 3621 1280 3701 (duae,
1302 3623 1388 3701 tres),
1410 3623 1439 3700 2,
1453 3622 1494 3685 69

317 3725 410 3789 licius
429 3730 539 3806 partes
569 3729 640 3786 suat
669 3723 758 3788 dccc.
802 3723 939 3789 Omnino
973 3744 1036 3789 non
1070 3725 1287 3791 necessarium
1323 3744 1395 3791 csse
1422 3733 1496 3790 suat

318 3831 378 3896 hoc
406 3830 477 3893 loco
500 3829 649 3913 exempla
670 3849 690 3892 a
712 3829 865 3896 Muellero
887 3851 962 3916 pag.
984 3833 1023 3896 16
1045 3829 1122 3896 edit.
1143 3832 1176 3896 ΙΙ
1204 3831 1340 3896 collecta
1360 3850 1493 3914 persua-

319 3937 394 4001 dere
416 3933 494 3998 mihi
514 3953 578 3998 non
598 3941 787 4018 potuerunt,
814 3958 854 4002 ne
883 3958 923 4003 ea
946 3936 1090 4020 quidem,
1121 3957 1203 4020 quae
1232 3937 1381 4020 leguntur
1402 3936 1492 4002 Brut.

317 4045 379 4107 212
402 4043 502 4122 (caira
522 4047 669 4126 quattuor
681 4042 765 4124 filii)
789 4047 820 4107 et
842 4040 922 4128 Top.
945 4046 985 4108 86
1008 4042 1154 4127 (quaram
1176 4043 1238 4107 duo
1259 4043 1397 4128 pecora).
