3278 4900
767 258 972 322 ‚15-

364 443 434 508 Iam
456 441 673 524 quaerendum
695 449 754 524 331,
776 450 881 508 utrum
895 443 1073 523 Palatinus,
1095 443 1149 524 qui
1165 443 1284 510 saeculi
1302 449 1352 509 est
1363 443 1455 508 XIII.

282 548 335 614 vel
356 548 459 625 XIV.,
493 568 534 614 ex
560 547 633 632 ipso
657 548 832 615 Harleiono
861 549 963 614 tribus
996 555 1185 632 quattuorve
1221 549 1358 615 33333113
1377 545 1455 614 ’3313

284 653 402 737 scripto
425 653 619 735 manaverit,
643 673 685 718 nn
706 655 800 720 ambo
821 654 988 739 repetendi
1010 654 1074 719 sint
1095 656 1136 718 ab
1155 675 1218 720 nno
1241 655 1350 720 codice
1372 674 1457 719 com-

281 759 378 824 muni.
422 759 500 824 Mihi
532 759 661 843 quidem
693 760 753 826 hoc
787 761 993 826 verisimilius
1027 760 1153 826 videtur
1188 781 1270 826 esse.
1321 759 1458 824 Tradita

284 864 367 930 enim
397 870 448 931 est
477 865 509 930 in
530 865 680 931 Palatino
711 865 769 930 illa
791 887 868 951 pars
891 866 1108 947 (1126-61)
1130 866 1164 930 13
1184 866 1274 930 Harl.
1303 866 1344 930 ab
1365 863 1457 929 initio

284 971 405 1035 omissa
427 970 482 1052 (of.
504 991 536 1056 p.
558 975 579 1035 4
599 992 647 1055 sq.
670 971 810 1053 dissert.)
842 976 977 1054 suntque
1011 977 1142 1037 servata
1168 970 1202 1035 in
1224 971 1336 1036 codem
1358 971 1458 1036 verba

284 1075 453 1160 quaedam,
477 1095 559 1156 quae
581 1079 622 1142 ab
644 1078 733 1142 Harl.
757 1078 873 1142 absunt
898 1077 1089 1159 (33131667,
1111 1079 1153 1142 20
1173 1084 1215 1157 31,
1241 1083 1312 1151 668,
1337 1079 1375 1140 19
1396 1095 1458 1140 333

198 1227 204 1238 .
283 1183 383 1260 modu,
405 1187 476 1262 676,
488 1184 528 1246 23
552 1203 647 1248 unum
669 1191 722 1264 331,
743 1188 814 1260 674,
832 1186 917 1264 1331,
939 1181 1017 1246 ibid.
1033 1187 1071 1246 17
1097 1203 1153 1267 que
1173 1189 1247 1267 post
1270 1183 1315 1256 131,
1337 1187 1407 1264 676,
1418 1185 1459 1246 21

283 1289 349 1366 1113,
372 1292 444 1368 677,
459 1290 500 1352 26
522 1290 565 1364 13,
588 1290 711 1370 687,20
734 1294 816 1368 33331,
838 1291 944 1368 7363
965 1288 1031 1369 hoe,
1053 1293 1123 1365 677,
1140 1291 1177 1354 16
1190 1307 1237 1371 sq.
1260 1290 1352 1352 311331
1370 1321 1401 1334 ·—
1420 1325 1455 1333 -

274 1393 394 1475 3331),
416 1400 586 1477 praeterea
599 1393 705 1458 Palat.
729 1413 838 1459 veram
862 1392 1054 1477 scripturam
1077 1394 1219 1468 servavit
1241 1393 1349 1458 multis
1369 1391 1458 1463 locis,

177 1503 179 1510 ‘
284 1497 339 1562 ubi
361 1499 451 1563 Harl.
482 1500 523 1564 ab
546 1513 586 1565 33
607 1499 741 1565 recessit
771 1499 966 1582 (33131662,
990 1505 1007 1564 7
1030 1501 1131 1582 offic]
1147 1502 1235 1584 fau,
1268 1503 1339 1578 663,
1361 1501 1381 1562 2
1404 1497 1458 1561 ud·

203 1599 204 1606 '
284 1603 563 1686 1311.]136.,11)1(1.
586 1605 769 1686 34133133]
792 1605 910 1683 deduc,
933 1610 1003 1684 676,
1028 1610 1066 1669 12
1090 1608 1237 1685 33333311]
1258 1625 1322 1668 333.
1328 1653 1337 1684 ,
1358 1605 1460 1684 6662

285 1710 365 1791 dou]
389 1710 465 1791 3113,
494 1715 573 1790 677,
597 1712 637 1774 14
658 1713 846 1794 susceptum]
868 1710 1047 1790 3361331333,
1081 1716 1157 1791 672,
1179 1715 1200 1775 4
1233 1709 1474 1796 3131333633,

285 1816 424 1896 beamus,
456 1821 528 1918 68⁰,
550 1817 569 1880 8
590 1819 772 1900 3333313331]
795 1824 947 1900 33333331
970 1815 1061 1900 (sic),
1094 1822 1171 1896 696,
1193 1818 1232 1880 32
1254 1817 1459 1895 admiremur]

285 1921 470 2002 admiretur,
491 1925 562 2004 764,
584 1924 623 1985 21
648 1925 761 2003 133331]
784 1929 902 2001 133331,
924 1927 995 2000 664,
1017 1923 1037 1987 3
1058 1925 1167 2006 meque]
1188 1942 1236 2000 33,
1256 1927 1326 2002 676,
1349 1923 1390 1985 24
1411 1941 1460 1984 33-

285 2030 354 2111 333]
378 2034 471 2102 3133,
493 2026 537 2091 ib.
560 2031 664 2112 atq-ua]
687 2035 725 2108 31,
745 2029 851 2106 677,2
873 2035 928 2090 331
949 2031 1034 2111 cuo]
1056 2035 1091 2092 31
1113 2048 1193 2112 cup,
1217 2029 1342 2107 74616
1366 2029 1459 2108 euim]

284 2132 524 2212 3313311327
547 2133 588 2214 31]
611 2133 674 2213 3331,
696 2133 739 2196 ib.
761 2135 801 2196 32
824 2133 853 2196 31
875 2133 1135 2214 3333]31331,11).
1159 2135 1200 2198 34
1221 2153 1268 2214 sq.
1292 2133 1387 2212 313131,
1411 2135 1458 2212 33]

284 2239 315 2304 d.
338 2242 366 2302 13
388 2259 440 2317 33;
473 2237 640 2322 proprium
671 2257 762 2302 suum
795 2237 938 2302 ordinem
970 2239 1141 2304 verborum
1172 2237 1292 2304 exh.L
1320 2241 1384 2302 676
1392 2285 1401 2318 ,
1423 2238 1455 2300 13

283 2352 389 2409 333133
411 2345 535 2424 deeora,
562 2349 634 2425 686,
657 2345 696 2408 33
717 2343 775 2408 baa
795 2351 887 2422 33133,
916 2349 988 2422 682,
1011 2346 1052 2408 26
1072 2344 1157 2426 cauf.
1181 2346 1297 2430 331133,
1327 2349 1399 2423 684,
1419 2344 1453 2404 21

283 2449 366 2514 uidit
386 2455 488 2512 autem
517 2469 623 2533 39333,
655 2447 699 2512 ib.
720 2451 761 2513 23
783 2449 898 2533 3133331
915 2467 1023 2532 posse,
1052 2454 1129 2530 688,
1150 2451 1189 2512 21
1220 2449 1458 2528 3361333333).

284 2554 350 2620 Sed
372 2555 453 2619 haec
474 2559 665 2636 argumenta
686 2553 826 2620 concedo
848 2554 891 2617 ad
904 2553 985 2618 illud
1000 2555 1089 2639 prius
1105 2574 1237 2638 prorsus
1250 2553 1460 2620 refellendum

284 2680 348 2724 non
371 2659 518 2724 sufficere
540 2665 724 2743 propterea,
747 2659 841 2741 quod,
863 2665 897 2724 ut
918 2661 1015 2744 paulo
1036 2660 1123 2724 infra
1138 2659 1376 2740 demonstrabo,
1398 2659 1459 2722 Pa-

285 2765 404 2829 latinus
426 2765 510 2832 inter
532 2784 587 2830 333
610 2764 737 2830 codices
761 2771 810 2830 est
831 2765 1056 2844 numerandus
1079 2765 1132 2848 qui
1153 2770 1309 2831 vocantur
1332 2763 1433 2828 mixti.

348 2974 507 3038 ‘Exstant
540 2975 624 3042 enim
657 2975 735 3054 loci,
768 2975 884 3059 quibus
913 2977 1017 3040 Palat.
1047 2975 1197 3040 dissentit
1231 2977 1272 3040 ab
1306 2976 1394 3040 Harl,
1429 2981 1462 3040 et

286 3081 390 3161 Bern,
406 3081 564 3147 consentit
579 3101 650 3146 oum
663 3080 826 3146 codicibus
839 3080 973 3146 alterius
985 3081 1140 3146 familiae.
1167 3081 1283 3144 introi
1298 3084 1458 3146 110-161

286 3192 360 3252 3331
381 3185 430 3251 hi:
452 3191 840 3272 67617333331333333
863 3187 887 3250 Z
909 3190 944 3271 p]
966 3191 1168 3272 nequicquam
1190 3185 1216 3248 L
1238 3207 1263 3268 3,
1285 3193 1355 3268 673,
1371 3190 1410 3251 33
1432 3195 1462 3250 31

286 3296 433 3374 manuue]
456 3301 485 3357 31
506 3313 567 3358 om.
589 3293 659 3373 13,
683 3298 754 3372 674,
768 3295 809 3356 34
829 3313 907 3378 quae
925 3295 1044 3377 turpia]
1066 3313 1145 3378 quau
1166 3313 1200 3355 33
1221 3299 1242 3355 1.
1265 3293 1333 3374 13,
1355 3296 1459 3372 678,7

285 3399 364 3462 mali
385 3401 494 3480 311333]
516 3401 610 3462 etiam
631 3419 671 3461 m.
694 3399 758 3478 Lo,
782 3397 860 3463 ibid.
878 3401 917 3462 14
931 3403 1061 3483 pareat]
1078 3405 1218 3482 pureuut
1239 3399 1305 3478 13,
1327 3393 1406 3462 ibid.
1421 3399 1459 3461 19

287 3507 401 3585 133333]
424 3507 563 3587 33113333
584 3503 650 3585 13,
672 3502 750 3568 ibid.
773 3505 813 3566 23
834 3503 928 3586 baua]
950 3503 1108 3584 1333113,
1130 3505 1255 3578 681113
1277 3503 1460 3584 arbitratur]

287 3607 543 3682 331113331331,
566 3609 813 3674 333113331333.
838 3648 875 3655 -
920 3610 979 3675 His
1002 3610 1082 3675 locis
1105 3608 1300 3692 adiungendi
1324 3615 1396 3673 sunt
1420 3629 1461 3674 ex

286 3713 361 3778 31113
383 3713 641 3798 333116333666,
664 3718 759 3780 2013
781 3718 936 3797 amicitia]
959 3719 993 3778 13
1015 3717 1297 3790 331311333313,
1320 3715 1399 3779 ibid.
1421 3717 1464 3779 30*

287 3819 403 3901 fffieii]
426 3818 570 3901 officium
591 3821 653 3900 Lo,
674 3825 745 3903 668,
765 3824 806 3886 21
829 3831 862 3885 31
883 3821 1045 3905 BHAbp,
1069 3829 1229 3906 utcumque
1250 3821 1309 3901 13,
1331 3819 1460 3885 11113129

286 3926 614 4009 31331333331311313]
635 3929 742 4010 913313
764 3934 793 3990 31
813 3948 881 4010 cup.
905 3927 965 4007 Le,
987 3930 1057 4006 669,
1082 3930 1118 3989 11
1142 3927 1297 4007 3113333133]
1320 3926 1462 3990 discedat

190 4057 192 4061 ·
288 4030 349 4106 13,
370 4029 448 4094 ibid.
472 4032 512 4095 33
533 4032 610 4113 3131]
632 4038 704 4095 suat
725 4030 785 4108 Lo,
806 4037 876 4112 666,
898 4035 938 4095 11
961 4035 1040 4112 tum]
1063 4039 1125 4095 tum
1148 4032 1207 4104 13,
1229 4037 1298 4111 663,
1311 4034 1349 4094 21
1373 4031 1461 4094 33613

288 4137 476 4218 3333133313]
499 4157 523 4200 3.
536 4158 566 4201 u.
589 4138 648 4217 13,
669 4139 739 4207 666,
752 4139 791 4201 23
813 4137 946 4200 maximi
966 4139 1080 4220 331331]
1102 4140 1234 4201 33331333
1257 4138 1331 4216 (om.
1345 4137 1459 4216 uuimu')

246 4313 254 4334 x
288 4241 350 4322 13,
371 4246 442 4326 667,
454 4245 495 4308 23
508 4243 627 4324 decori]
641 4241 832 4324 3133331313,
847 4247 919 4325 687,
929 4245 1117 4328 1811333331]
1130 4243 1252 4328 possim
1263 4240 1321 4322 13,
1337 4242 1460 4322 68810
