3278 4900
784 235 988 299 ..10-

300 420 326 485 B
349 426 381 488 et
402 421 433 486 H
454 419 623 488 duodenae
646 420 802 504 quinaeve
824 419 941 504 denae,
969 421 1002 486 16
1024 441 1044 486 6
1064 427 1096 488 61
1116 423 1144 487 L
1166 423 1234 489 sere
1254 421 1411 504 tricenae,
1439 420 1475 486 in

301 527 518 610 coctoginta,
551 527 585 592 in
607 548 628 611 p
649 527 721 611 plus
750 546 846 609 quam
879 533 1021 609 centum,
1054 527 1138 593 unde
1164 529 1266 594 elucet
1290 528 1474 593 Palatinum

301 632 441 698 omniurn
456 632 596 698 maxime
612 653 684 699 esse
698 631 925 716 interpolatum
938 640 1034 715 atque
1047 640 1230 718 corruptum
1246 633 1475 716 aliquantoque

301 737 399 804 etiam
420 738 526 821 magis
548 753 644 822 quam
665 738 825 804 famosum
844 737 935 804 illum
956 738 1150 805 Bernensem
1174 740 1243 804 104.

382 948 469 1014 Vera
489 948 583 1014 lectio
612 953 719 1014 exstat
745 948 821 1032 inp
844 948 1009 1029 6616657,
1033 951 1072 1013 12
1093 943 1330 1032 deducendoque
1352 952 1475 1029 61632,

301 1055 341 1117 35
361 1058 594 1134 communitate
629 1059 705 1135 666,
736 1055 774 1118 18
803 1052 895 1118 deest
921 1052 979 1117 1116
1010 1053 1124 1120 ceteris
1157 1053 1321 1119 codicibus
1353 1053 1476 1118 tradita

300 1159 509 1243 praepositio,
533 1181 615 1243 quae
637 1180 700 1225 666
721 1163 829 1244 potest
849 1157 1003 1242 intellegi,
1025 1159 1063 1223 de
1085 1162 1173 1242 (ante
1194 1158 1475 1242 Lacedaemoniis).

179 1583 183 1590 .
302 1477 386 1570 §L
438 1475 543 1566 Quae
570 1476 691 1550 codici
716 1476 890 1550 Palatino
915 1477 1123 1551 intercedat
1147 1477 1243 1550 ratio
1271 1500 1353 1550 cum
1377 1477 1475 1550 Har-

301 1597 425 1692 leiano
468 1597 722 1693 Bernensique
760 1619 780 1669 6
822 1605 859 1670 61
904 1598 1059 1671 61166166
1102 1597 1230 1693 stirpis
1274 1597 1473 1692 codicibus,

783 1718 992 1814 inquiritur.

385 1901 479 1980 Quod
501 1903 730 1988 exscriptoris
752 1903 786 1969 in
807 1906 827 1970 l.
849 1907 865 1974 I
887 1910 928 1987 §§
952 1906 1139 1984 152-161,
1163 1905 1348 1969 1161-81
1371 1899 1470 1966 obviis

302 2005 438 2089 aliisque
461 2028 482 2071 a
503 2009 640 2075 Grutero
663 2009 801 2074 enotatis
825 2011 879 2091 (cf.
903 2010 1030 2076 dissert.
1057 2031 1133 2095 pag.
1156 2011 1175 2074 0
1203 2030 1251 2092 sq.
1274 2015 1306 2074 et
1328 2029 1398 2092 cap.
1413 2008 1472 2088 VI)

302 2112 454 2196 colligere
475 2113 573 2196 licuit,
596 2114 778 2179 Palatinum
802 2118 994 2200 cognatione
1016 2116 1156 2198 quadam
1178 2115 1381 2181 coniunctum
1404 2133 1474 2179 6666

302 2238 373 2284 cum
394 2219 570 2286 Harleiano
593 2225 625 2286 et
646 2221 801 2286 Bernensi
830 2243 861 2303 6,
894 2222 929 2286 id
949 2222 1016 2287 iam
1038 2222 1209 2288 collatione
1234 2219 1471 2286 subministrata

302 2324 481 2408 copiosiore
505 2325 710 2392 confirmatur
731 2327 788 2408 ita,
812 2335 847 2394 ut
868 2329 958 2393 nulla
978 2328 1178 2410 relinquatur
1201 2325 1370 2391 dubitatio.
1413 2326 1473 2389 llx-
1516 2395 1520 2404 ,

302 2429 442 2497 scribam
470 2431 531 2496 hoe
560 2433 632 2498 1666
660 2433 829 2498 666116666
863 2433 1055 2519 scripturas,
1090 2433 1206 2515 quibus
1232 2431 1300 2516 ch
1328 2431 1412 2497 inter
1441 2451 1475 2495 se

302 2535 504 2602 consentiunt
533 2545 643 2602 contra
671 2538 790 2604 alteros
819 2538 947 2606 codices
981 2540 1048 2610 sivo
1077 2558 1187 2604 omnes
1216 2539 1283 2604 sire
1309 2535 1475 2622 plurimos,
1515 2567 1522 2578 ·

301 2641 388 2706 intra
408 2642 481 2707 libr.
503 2643 519 2707 I
543 2646 585 2724 ἐξ
607 2646 779 2708 110-151
804 2644 928 2709 obviae.

384 2748 545 2814 Praebent
563 2747 646 2813 enim
663 2749 786 2833 pariter
801 2749 884 2833 ch:
907 2752 1093 2832 67161566.
1110 2750 1215 2812 studia
1230 2755 1338 2812 666166
1356 2751 1476 2828 (nostre

302 2854 409 2918 studio
429 2858 465 2939 p)
488 2862 623 2919 6616666
643 2857 755 2939 669616
762 2902 770 2935 ,
803 2858 843 2920 26
865 2875 912 2938 sq.
935 2857 1074 2920 attusia
1096 2855 1203 2919 eedem
1225 2873 1320 2917 66666
1341 2853 1474 2916 666616·

303 2959 386 3041 deal,
420 2962 460 3024 27
481 2981 546 3024 666
567 2962 658 3040 enim,
692 2963 764 3042 on,
785 2962 804 3024 3
827 2981 874 3045 sq.
897 2969 926 3026 et
947 2963 1115 3026 iocundum
1137 2962 1212 3040 (666.
1235 2959 1287 3043 L),
1310 2961 1383 3022 466
1404 2977 1475 3037 6666,

302 3069 531 3148 5666666661,
567 3070 604 3131 13
627 3067 836 3150 6666666966,
872 3069 910 3131 19
936 3070 965 3131 si
990 3087 1054 3130 666
1086 3068 1199 3150 optime
1227 3066 1363 3147 (optume
1384 3062 1421 3144 L)
1442 3068 1476 3125 at

301 3190 366 3235 666
385 3173 544 3254 indecore,
574 3173 616 3236 20
637 3179 715 3252 tem,
742 3175 782 3235 21
805 3191 1020 3257 assequemur,
1047 3175 1088 3236 22
1110 3173 1263 3250 dielnice,
1290 3169 1475 3254 2366166616,

302 3281 343 3342 24
363 3280 455 3362 ipsis,
475 3281 516 3342 25
538 3296 586 3360 sq.
608 3280 643 3342 ie
670 3298 742 3342 6666
767 3275 840 3363 site]
866 3285 901 3341 61
922 3279 1042 3342 resides
1063 3282 1108 3342 ita
1130 3296 1161 3357 6,
1190 3283 1225 3340 et
1251 3277 1417 3339 66661666
1438 3273 1474 3352 L,

302 3391 431 3448 616661
456 3404 530 3448 6666
557 3387 604 3447 ite
626 3404 656 3467 p,
685 3386 724 3447 31
747 3384 899 3466 6166611,
931 3389 1008 3466 672,
1031 3388 1047 3447 1
1076 3388 1258 3466 sequeretur,
1293 3383 1313 3446 9
1336 3401 1381 3463 sq.
1401 3398 1474 3442 6666

185 3546 191 3567 ,
225 3507 227 3512 ·
303 3490 400 3576 qood,
437 3491 477 3554 10
492 3489 657 3574 prodique,
689 3492 728 3552 17
749 3496 930 3572 parentem,
961 3491 1003 3553 20
1026 3495 1197 3572 parentem
1225 3487 1296 3568 (sed
1325 3488 1358 3552 in
1388 3505 1405 3551 o
1436 3503 1478 3550 ex

304 3595 500 3660 correctione
523 3593 665 3671 demum)
672 3641 681 3675 ,
703 3596 744 3657 24
765 3615 800 3658 66
822 3598 939 3678 erecti,
962 3597 1002 3658 28
1025 3601 1068 3657 est
1090 3595 1154 3657 eius
1175 3595 1237 3673 rei,
1259 3594 1298 3656 32
1324 3596 1477 3675 616696-

302 3721 390 3782 6666,
422 3704 499 3782 613,
518 3700 537 3763 6
560 3703 718 3781 6611666,
751 3701 770 3764 8
793 3707 978 3764 commutato
1002 3700 1213 3782 (6666661666
1234 3716 1296 3760 666
1320 3695 1478 3762 salumin

303 3807 334 3870 H
355 3805 481 3889 legitur,
504 3803 563 3872 sed
585 3804 682 3872 etiam
703 3804 737 3869 in
755 3805 850 3887 Bba),
874 3810 911 3870 11
926 3806 1024 3888 feret,
1047 3806 1213 3880 31661661,
1237 3803 1477 3884 3616661166,

302 3913 734 3993 674,266616666616166666
757 3912 853 3992 (edel.
879 3915 919 3992 c),
943 3913 983 3975 10
1004 3912 1096 3976 civem
1120 3909 1240 3988 bocum,
1263 3912 1300 3973 11
1324 3914 1360 3983 et,
1384 3909 1422 3970 15
1443 3927 1479 3971 66

303 4017 437 4102 spendo,
458 4019 498 4082 16
518 4017 601 4082 illud
622 4017 777 4099 decorum,
803 4020 844 4082 22
864 4018 998 4099 videtur,
1025 4018 1066 4080 25
1089 4022 1217 4099 turpem,
1238 4015 1278 4077 29
1299 4031 1394 4096 neque
1416 4031 1477 4094 666,

303 4125 344 4188 30
356 4123 471 4206 facere
490 4144 554 4189 666
576 4131 667 4208 turpe
689 4131 733 4187 est
748 4124 807 4207 Lp,
823 4124 936 4206 secere
955 4141 1019 4186 666
1036 4128 1217 4205 torpetem.
1234 4121 1289 4198 661)
1313 4137 1339 4197 6,
1361 4118 1402 4182 34
1422 4137 1477 4181 66-

303 4230 439 4294 66661566
461 4229 632 4304 66666516,
666 4232 743 4312 675,
766 4233 783 4293 1
807 4230 971 4311 6666666,
999 4225 1077 4294 ibid.
1100 4247 1136 4292 66
1157 4225 1321 4308 6666162
1348 4243 1383 4288 66
1404 4243 1475 4302 666,
