3278 4900
668 278 871 342 ..33-

261 465 331 540 1,9
358 465 547 546 anquirunt]
582 461 629 556 sio
658 464 732 545 Ab,
765 463 869 547 primo
904 464 1001 530 etiam
1029 464 1108 546 BH,
1143 469 1261 551 inquir.
1289 486 1363 552 poe

177 565 234 651 (oi.
256 587 333 650 pag.
356 569 396 630 12
417 565 511 650 init).
618 643 623 650 ,
1170 633 1174 646 ,

259 675 288 755 1,
312 675 350 736 11
373 674 538 756 anquirat]
561 670 609 736 sic
630 671 799 756 B¹H¹Ab,
822 675 969 758 acquirat
989 695 1034 759 ρο
1056 674 1106 740 13².

260 781 289 858 1,
310 779 351 841 23
375 774 553 863 anquirunt]
577 779 694 862 inquir.
716 797 772 861 ρο.

260 884 289 962 3,
312 883 351 946 37
375 889 419 946 est
450 885 530 946 enim
562 889 660 947 totum
692 885 876 946 sceleratum
906 889 935 946 et
961 885 1110 967 impium]
1139 904 1198 968 pro
1231 887 1362 969 impium

176 991 228 1052 est
252 986 285 1050 in
308 1007 357 1072 ρο
378 990 549 1072 impurum.
585 985 757 1052 Adiectiva
784 989 953 1051 sceleratus
979 993 1011 1053 et
1038 991 1154 1071 impius
1184 989 1362 1074 composita

176 1097 252 1156 sunt
267 1113 326 1176 pro
341 1091 447 1157 Deiot.
458 1094 488 1171 2,
511 1091 630 1156 Pared.
641 1094 671 1173 4,
685 1095 734 1172 31,
761 1091 843 1156 Phil.
859 1094 887 1174 3,
899 1095 928 1173 9,
951 1112 1010 1176 pro
1026 1092 1110 1158 Sest.
1123 1097 1152 1176 9,
1175 1096 1361 1176 Verr.1,47,

175 1195 259 1262 Phil.
282 1200 311 1278 8,
333 1201 387 1276 163
411 1199 556 1278 impietas
578 1205 607 1261 et
626 1200 725 1262 scetus
747 1197 787 1264 de
809 1197 862 1262 fin.
884 1201 913 1278 4,
936 1199 993 1277 663
1020 1201 1229 1282 impurissimi
1244 1187 1279 1264 ¹et
1299 1219 1362 1264 sce·
1407 1242 1410 1250 ι

175 1303 360 1368 ieratissimi
380 1301 421 1369 de
443 1323 533 1387 prov.
556 1323 649 1397 cons,
668 1305 717 1366 14.

258 1411 288 1490 3,
311 1411 351 1474 33
373 1409 590 1492 maqnitudine
616 1406 790 1494 inuisitato]
823 1409 986 1472 invisitata
1007 1408 1109 1490 B¹H¹,
1137 1410 1291 1473 inusitata
1315 1429 1362 1493 ρο

175 1513 260 1578 Aba
282 1511 383 1577 B²H².
1222 1513 1226 1522 '

259 1619 288 1698 3,
312 1620 353 1682 26
374 1621 478 1702 maqis
491 1617 655 1702 fuqienda
678 1624 778 1680 censet
798 1625 943 1699 mortem,
963 1625 1198 1702 paupertatem,
1221 1619 1361 1682 datorem

176 1742 330 1806 -quam
351 1723 468 1805 faeere
495 1727 639 1808 cuiquam
668 1721 836 1808 iniurium]
867 1725 1004 1806 cuipiam
1036 1743 1092 1806 ρο.
1135 1723 1199 1788 Diu
1230 1723 1271 1790 de
1299 1723 1360 1788 hoo

174 1828 247 1892 loeo
278 1827 453 1893 meditatus
484 1828 617 1894 candem
648 1826 727 1890 mihi
756 1828 906 1912 persuasi
935 1827 1080 1893 Muelleri
1110 1827 1360 1912 explicationem

175 1931 401 2017 accipiendam
423 1953 507 1998 esse.
549 1935 578 2012 3,
600 1935 640 1998 38
663 1935 818 2016 quispiam
848 1932 1003 2017 sciiptum
1031 1939 1081 1999 ost
1108 1953 1167 2016 pro
1197 1934 1360 2018 qnisquam

174 2037 207 2102 in
230 2039 276 2120 H,
300 2042 336 2120 1,
358 2040 399 2102 29
421 2041 559 2119 cuipiam
579 2058 638 2122 pro
661 2040 805 2122 cuiquam
826 2037 859 2102 in
881 2059 913 2122 p.
1162 2027 1164 2030 ⁵

258 2145 286 2225 3,
308 2145 349 2208 52
370 2142 434 2208 Sed
464 2164 543 2224 non,
582 2144 731 2228 quiequid
769 2143 828 2207 tibi
867 2143 981 2207 audire
1014 2145 1089 2206 utile
1121 2149 1181 2224 est,
1216 2143 1253 2206 id
1281 2143 1361 2207 milti

175 2249 278 2312 dicere
310 2268 429 2312 necesse
456 2251 514 2330 est]
540 2248 576 2312 id
601 2268 664 2332 ρο,
698 2247 783 2312 idem
809 2247 834 2312 Z
857 2247 969 2330 (etiam
992 2248 1021 2311 H
1044 2253 1077 2313 et
1098 2249 1160 2328 Α),
1195 2247 1281 2328 quod
1310 2253 1360 2313 est

174 2353 385 2419 retinendum.

258 2460 287 2538 3,
309 2461 349 2522 52
372 2459 452 2538 dico,
468 2494 506 2504 —
524 2460 579 2540 qui
600 2459 643 2521 sit
654 2457 736 2540 finis
758 2455 918 2544 bonorum]
939 2460 1006 2542 quis
1027 2478 1084 2542 ρο.
1113 2457 1162 2521 of.
1178 2456 1359 2538 defin.4,5

176 2561 238 2641 Qui
264 2564 308 2625 sit
334 2565 415 2626 enim
436 2561 520 2644 finis
548 2561 715 2644 bonorum,
742 2583 815 2626 rnen
838 2566 921 2646 (quis
943 2563 1034 2643 BE),
1062 2566 1082 2626 4
1089 2610 1098 2644 ,
1122 2565 1162 2626 14
1190 2570 1235 2626 cst
1262 2564 1359 2648 enpii·

173 2674 292 2749 catum,
311 2669 394 2752 finis
420 2667 472 2730 ute
500 2668 652 2731 bonorum
679 2675 707 2732 et
734 2669 804 2752 quis
826 2689 845 2730 ο
867 2666 981 2732 Stoicis
1010 2675 1039 2730 et
1059 2688 1147 2752 quem
1170 2668 1214 2731 aci
1234 2668 1360 2731 modum

173 2774 331 2838 diceretur
352 2774 421 2856 (qui
441 2772 467 2835 B
489 2772 622 2855 Mein),
644 2771 688 2836 ad
709 2771 807 2836 Attio.
821 2775 871 2853 11,
892 2773 975 2852 11,2
997 2775 1052 2855 qui
1071 2775 1112 2836 sit
1133 2810 1169 2818 —
1194 2781 1294 2837 status
1307 2809 1358 2854 -—,

171 2879 272 2960 uides,
300 2877 342 2942 de
369 2876 423 2942 fin.
444 2881 479 2957 5,
503 2881 541 2940 11
565 2879 814 2961 conscripsisset,
845 2879 900 2962 qui
920 2885 997 2941 esset
1017 2915 1059 2924 -
1079 2884 1197 2959 status,
1226 2878 1269 2942 ad
1291 2878 1358 2942 Att.

171 2987 201 3065 4,
223 2987 253 3065 2,
276 2988 292 3048 1
317 2981 490 3063 declaravi,
515 3020 553 3028 —
577 2986 647 3068 quis
669 2989 745 3046 esset
764 2989 873 3046 status.

255 3090 285 3167 3,
306 3091 346 3152 93
370 3091 398 3152 si
424 3089 480 3173 qui
507 3089 633 3169 sapiens
662 3095 792 3172 roqatns
818 3090 873 3169 sit]
895 3089 965 3171 quis
986 3106 1044 3172 ρο.
1088 3085 1138 3150 of.
1160 3086 1243 3152 Phil.
1267 3091 1294 3168 1,
1318 3089 1358 3151 13

172 3192 278 3274 siqui
299 3193 462 3258 accidisset
481 3195 614 3277 quacior
634 3193 846 3274 reipublicae
868 3213 965 3272 casus,
988 3191 1032 3256 ad
1054 3192 1120 3256 Ati.
1143 3195 1177 3273 3,
1201 3195 1256 3274 14,
1281 3195 1298 3256 1
1322 3213 1358 3256 ea

172 3297 204 3358 si
232 3296 286 3378 qui
312 3314 402 3357 casus
422 3335 463 3344 -
492 3301 676 3378 correxerit3
711 3319 770 3381 pro
798 3299 922 3364 Cluent.
946 3299 986 3362 70
1015 3301 1043 3361 si
1071 3299 1139 3382 quis
1172 3317 1241 3360 eum
1263 3297 1357 3379 forte

172 3420 266 3468 casus
285 3421 322 3462 en
339 3401 481 3482 perieuio
502 3405 670 3487 eripuerit,
699 3402 742 3467 ad
764 3403 842 3468 iam.
865 3406 893 3485 3,
916 3407 945 3485 5,
967 3405 989 3467 4
1011 3424 1102 3487 quom
1114 3403 1309 3484 facultatem
1330 3405 1359 3465 si

172 3509 244 3590 quis
265 3525 355 3570 casus
377 3508 539 3590 eripuerit.
839 3507 843 3514 ’

255 3613 283 3692 3,
306 3614 460 3694 ibisne]
482 3613 567 3676 istud
588 3633 644 3698 ρο.

254 3718 283 3797 2,
305 3719 346 3780 25
369 3717 408 3780 ab
431 3725 535 3808 eaesi
556 3720 638 3782 enim
659 3719 735 3802 ipsa
755 3755 793 3764 -
816 3717 1013 3798 interfectus]
1037 3719 1105 3800 ipse
1125 3737 1171 3800 ρο
1194 3715 1309 3780 Abas

254 3823 437 3902 3,110eui
473 3825 539 3888 nisi
575 3825 643 3906 ipse
682 3829 793 3886 auctor
822 3822 957 3904 fuisset]
996 3842 1055 3906 pro
1095 3823 1147 3884 cui
1185 3821 1261 3885 hab.
1295 3819 1356 3904 p¹o

172 3926 272 4006 Quod.

253 4034 282 4113 3,
306 4035 345 4095 12
367 4032 475 4096 liceret
497 4035 538 4112 ei]
561 4033 582 4096 i.
604 4031 654 4096 itis
676 4032 765 4113 (hijs)
788 4051 843 4115 ρο.

134 4126 138 4134 ’
253 4136 479 4222 3,161thnc
511 4139 554 4201 iis
586 4155 691 4201 omnes
717 4175 757 4184 —
786 4139 1027 4217 commonentur]
1060 4154 1119 4220 pro
1151 4137 1194 4198 iis
1226 4139 1276 4200 est
1305 4134 1356 4198 hii

170 4238 242 4324 (iij)
263 4238 297 4303 in
318 4261 376 4323 ρο.

1099 4348 1142 4409 ’5
