3278 4900
762 279 947 339 ,6.-

348 464 596 531 Coniunctioncs
629 463 677 530 et'
697 462 853 528 adverbia
889 482 1128 545 nonnumquam
1162 465 1194 528 in
1222 487 1244 550 p
1278 463 1448 550 supposita

266 575 340 635 sunt
361 589 420 654 pro
443 570 499 651 ais,
522 591 605 654 quac
627 571 718 636 uncis
741 568 956 647 circumdabo,
977 570 1073 636 hacc:
1096 578 1125 634 et
1147 569 1241 654 (qne),
1266 577 1357 654 utque
1380 570 1447 654 (et),

267 682 295 741 et
317 675 417 759 (nec),
448 682 476 738 et
499 677 600 756 (sed),
633 683 725 759 utque
746 676 849 759 (eut),
876 695 932 739 nee
956 713 991 722 -
1017 665 1140 759 q‘nidem
1161 680 1193 740 et
1214 683 1243 740 et
1263 714 1305 722 —
1326 675 1449 758 quidem

238 847 245 852 ,
268 784 320 861 (ne
346 817 376 825 ·-
404 781 550 863 quidem),
573 801 637 844 nou
660 783 752 862 (nee),
774 800 813 844 ne
836 783 936 861 (non),
966 787 1069 844 tumen
1092 781 1232 864 (nutem),
1262 787 1364 844 eutem
1387 785 1448 863 (tn-

267 888 361 964 men),
382 887 465 948 enim
482 888 613 967 (etium),
636 888 729 948 etium
744 889 776 950 et
793 887 902 948 etenim
927 888 1046 968 (enim),
1069 893 1124 950 unt
1142 887 1225 968 (net),
1249 886 1323 948 dum
1340 888 1447 965 (eum),

268 997 341 1054 tune
364 989 470 1074 (tum),
493 993 584 1075 quast
606 993 801 1074 (tamquam),
823 993 852 1054 si
872 991 944 1074 (ut),
972 994 1018 1055 itu
1042 993 1155 1073 (item),
1176 1010 1298 1070 semper
1321 993 1449 1073 (saepe),

262 1097 419 1180 fortassis
442 1095 624 1180 (sortasse).

350 1305 423 1370 Non
446 1325 520 1370 raro
544 1305 645 1386 modi,
673 1311 834 1389 tempora,
856 1325 1031 1390 personae,
1054 1304 1194 1382 numeri,
1218 1323 1338 1386 genera
1363 1303 1453 1367 verbi

228 1496 232 1501 =
270 1415 467 1475 commutata
504 1415 586 1475 cunt.
645 1410 874 1475 Coniunctivus
907 1411 1025 1492 legitur
1061 1409 1149 1493 in‚p
1183 1429 1242 1492 pro
1276 1408 1453 1472 indicativo

269 1519 347 1596 686,
370 1517 408 1578 31
431 1519 577 1596 verseris,
599 1522 676 1595 668,
699 1519 740 1580 26
762 1516 959 1592 adhibentur,
981 1519 1052 1596 666,
1077 1519 1116 1578 16
1137 1517 1261 1578 uiliciut
1276 1513 1454 1596 faciatque,

270 1626 341 1701 698,
365 1622 403 1683 13
426 1621 558 1700 aecidat,
580 1627 651 1699 688,
674 1624 714 1684 27
736 1621 903 1702 reflaverit,
931 1625 1003 1701 614,
1028 1625 1044 1683 1
1068 1623 1246 1698 accesserim
1275 1607 1393 1684 contra
1408 1618 1454 1681 in·

273 1724 432 1789 dicativus
456 1745 515 1808 pro
543 1724 746 1790 coniunctivo
774 1731 852 1806 666,
883 1730 920 1790 11
950 1727 1162 1804 observentur,
1191 1729 1267 1804 684,
1291 1727 1455 1788 imtran-

272 1837 392 1913 turque,
415 1835 486 1910 688,
510 1833 549 1894 18
572 1850 809 1914 conqueremur,
831 1837 902 1911 699,
924 1834 944 1894 2
966 1838 1097 1912 constet,
1120 1827 1457 1910 mutuandum

272 1935 371 2015 tabet,
392 1939 463 2015 149,
488 1937 527 1998 16
545 1938 647 2016 penit,
670 1940 740 2012 669,
764 1939 804 2000 12
819 1937 1001 2020 srnnqitnr,
1023 1939 1152 2016 689,13
1168 1936 1327 2017 fecerunt,
1348 1935 1457 2014 614,9

273 2046 305 2104 et
326 2041 367 2104 34
387 2046 468 2118 sunt,
490 2044 561 2121 618,
586 2043 625 2104 16
646 2043 796 2104 coturnus.
815 2079 855 2088 -
877 2041 940 2106 Pro
963 2048 1106 2124 tempore
1129 2040 1236 2104 futuro
1258 2039 1385 2123 positus
1409 2043 1459 2103 est
1580 2055 1585 2064 ·

138 2185 141 2193 ι
271 2143 454 2229 praesentis
466 2142 662 2210 indicativus
676 2151 732 2209 aut
744 2144 965 2210 coniunctivus
977 2151 1049 2226 668,
1061 2147 1100 2209 16
1113 2144 1355 2224 eneettittctiam
1368 2145 1400 2208 in
1413 2144 1459 2227 a),

174 2317 180 2332 ,
271 2251 391 2330 614,13
404 2249 638 2332 repperiuntur,
653 2254 724 2330 618,
732 2252 773 2314 26
789 2251 1170 2334 696616666166666166,
1184 2255 1255 2329 136,
1271 2251 1311 2313 36
1323 2257 1458 2328 sumunt,

272 2360 349 2435 664,
373 2357 391 2418 3
415 2354 495 2433 edit,
529 2358 605 2434 663,
628 2357 667 2418 33
689 2356 885 2436 conferetur,
924 2361 1002 2436 664,
1022 2358 1065 2420 24
1081 2357 1200 2439 puniet
1227 2358 1352 2438 (preniet
1374 2354 1460 2417 BHA

273 2458 354 2539 bcL)
362 2505 370 2538 ,
392 2462 469 2538 611,
490 2461 510 2522 9
537 2462 712 2539 ueniamus3
749 2479 861 2524 rursus
893 2463 1034 2540 664,12
1061 2480 1120 2544 pru
1140 2460 1259 2542 ferunt
1285 2481 1306 2543 p
1329 2459 1460 2524 exhibet

268 2564 389 2647 ferent.
402 2601 438 2608 -
463 2563 639 2629 Praeterea
661 2563 898 2649 discrepantias
921 2565 1052 2630 enotavi
1072 2565 1149 2628 has:
1171 2569 1241 2644 666,
1265 2567 1306 2629 12
1322 2562 1459 2649 possint]

273 2675 410 2750 possent,
431 2671 536 2748 662,2
557 2668 740 2755 imperaret]
763 2671 955 2753 imperasset,
979 2675 1050 2749 698,
1070 2673 1107 2733 11
1126 2668 1276 2755 placeret]
1287 2671 1460 2753 placuerim

275 2778 351 2854 662,
380 2775 420 2837 33
452 2773 692 2860 meminerimus]
727 2778 934 2855 meminerim,
969 2779 1046 2856 619,
1075 2779 1094 2839 6
1122 2773 1244 2860 audiui]
1275 2775 1460 2854 audiuimus,

276 2883 348 2958 166,
369 2880 410 2942 29
432 2877 585 2964 timemus]
609 2882 707 2960 times,
727 2882 799 2960 669,
823 2881 864 2944 30
883 2878 972 2965 netis]
997 2882 1080 2960 uelit,
1101 2884 1173 2957 616,
1197 2884 1215 2942 1
1240 2887 1343 2942 teneat
1364 2878 1463 2944 ceteri

278 2982 382 3063 6666,
405 2991 530 3048 teneant
551 3006 588 3068 p,
611 2989 687 3065 616,
709 2988 750 3050 26
767 2983 869 3070 putet]
887 2991 1018 3068 putent3
1048 2989 1126 3065 661,
1150 2989 1189 3048 11
1211 2982 1383 3069 appetiere]
1407 3005 1461 3066 up·

77 3107 92 3140 ν
271 3090 408 3171 pedari,
429 3093 502 3168 666,
525 3091 564 3152 18
581 3087 751 3174 praecipit]
772 3091 978 3172 praecipitur,
1000 3095 1078 3171 619,
1102 3091 1142 3154 16
1164 3086 1356 3173 desiderunt]
1381 3089 1462 3150 desi-

278 3193 440 3273 derentur,
463 3192 542 3256 ibid.
565 3195 606 3257 30
627 3193 835 3279 delinquitur]
860 3195 1078 3278 delinquimus,
1102 3197 1174 3273 686,
1196 3193 1235 3255 27
1259 3193 1464 3277 disputentur

278 3297 503 3378 6616616666,
527 3299 690 3382 disputata
711 3320 742 3382 p,
765 3305 837 3379 689,
860 3301 900 3363 33
917 3296 1116 3383 prebendae]
1135 3297 1325 3381 probentur.

362 3507 582 3572 Ocllocaticnc
609 3509 781 3574 verborum
807 3509 893 3574 intra
919 3509 999 3576 fines
1028 3527 1128 3592 supra
1156 3506 1345 3572 terminatos
1368 3507 1463 3570 Pala-

278 3613 366 3678 tinus
389 3633 408 3676 a
430 3612 546 3706 ceteris
568 3612 733 3678 codicibus
756 3613 906 3680 dissentit
927 3615 1001 3698 plns
1024 3633 1120 3694 quam
1143 3611 1352 3696 septuaginta
1372 3611 1463 3692 lacis,

281 3717 340 3783 666
362 3717 420 3798 ita,
442 3723 477 3782 ut
498 3716 685 3800 plerumque
707 3738 747 3782 nc
769 3717 797 3783 is
820 3719 949 3800 quidem
969 3718 1058 3800 orda,
1081 3737 1176 3800 quem
1193 3715 1323 3782 exhibet
1337 3737 1369 3800 p,
1391 3737 1463 3800 per-

280 3841 393 3888 versus
416 3821 466 3885 sit.
509 3821 724 3905 Transpcsita
753 3831 826 3888 sunt
852 3824 947 3889 modo
977 3823 1040 3889 duc
1063 3822 1268 3889 substantiva
1289 3822 1342 3888 vel
1361 3822 1465 3892 ‚verba
1529 3871 1534 3882 .

281 3926 442 4011 particula
473 3934 502 3990 et
529 3946 656 3992 annexa
692 3929 793 4006 (velut
819 3935 896 4010 698,
918 3931 959 3993 26
987 3930 1149 3993 industrie
1177 3935 1205 3992 et
1226 3931 1359 4008 uirtute,
1391 3930 1464 4007 616,

224 4112 227 4119 Ι
281 4035 321 4096 26
344 4052 392 4114 sq.
414 4033 553 4114 reqendu
574 4039 604 4095 et
625 4035 869 4114 constituenda),
898 4035 994 4099 modu
1016 4033 1206 4118 pronomina
1228 4033 1281 4098 vel
1303 4031 1465 4096 adiectiva

281 4137 334 4202 vel
354 4137 530 4221 participia
553 4157 625 4202 cum
648 4138 859 4203 substantivis
882 4139 1053 4204 coniuncta
1075 4140 1177 4218 (velut
1196 4142 1267 4218 619,
1282 4139 1323 4200 22
1346 4155 1379 4200 eo
1400 4157 1465 4200 ser·

281 4261 385 4324 mene,
412 4248 483 4325 666,
508 4245 547 4307 16
568 4261 740 4328 maenaque
762 4246 881 4323 unium,
913 4249 985 4327 661,
1007 4246 1048 4309 29
1071 4247 1176 4308 enimn
1200 4262 1323 4326 macne,
1351 4248 1422 4322 699,
1444 4243 1465 4304 6
