3278 4900
687 229 892 328 -m—

253 459 255 464 '
281 453 386 532 3,112
409 451 534 515 Iuravit
556 451 612 515 boe
634 459 754 516 terrore
775 459 900 516 coactus
914 449 1118 541 Pomponius]
1142 454 1286 519 beonet.
1305 462 1380 520 terr.

197 576 256 639 po.
300 555 349 620 01.
372 555 413 621 (14
441 555 561 622 invent.
592 561 624 638 1,
654 560 673 620 3
709 559 802 641 qrooi
838 565 867 620 et
900 561 991 622 suooi
1025 567 1192 624 commotus
1228 563 1390 650 oratioue,

199 661 287 725 Brut.
309 665 351 726 34
372 683 449 748 quoe
470 684 539 726 cnm
561 666 647 746 oqtis
669 670 848 726 constructo
868 663 969 726 uerbis
991 671 1044 727 est.

281 769 309 846 3,
332 769 373 829 44
404 771 581 832 meminerit
613 770 704 832 deum
736 789 769 831 se
802 768 950 832 adbibere
981 767 1097 856 testem]
1133 789 1166 832 se
1197 771 1288 834 deum
1323 790 1380 854 po.

197 869 293 934 Illum
316 871 460 936 ordinem
482 873 649 938 confirmat
671 873 818 938 Laetant.
842 873 940 939 divin.
962 874 1063 938 instit.
1086 877 1114 954 6,
1136 877 1186 938 24.
1224 911 1226 916 -

281 976 309 1055 3,
333 977 372 1039 33
398 981 453 1062 qui
480 998 512 1041 se
534 997 567 1042 eo
590 979 803 1068 obstrinxerit]
828 1001 862 1044 eo
884 1001 915 1045 se
936 1001 994 1063 pc.
1032 979 1200 1045 0111411.
1224 981 1258 1059 1,
1282 981 1300 1042 8
1328 981 1382 1063 qui

197 1099 230 1142 se
252 1086 297 1142 tot
316 1083 484 1146 sceleribus
506 1083 723 1165 obstrinxerit,
754 1086 844 1150 Verr.
868 1090 906 1166 b,
930 1088 990 1149 179
1016 1089 1071 1169 qui
1098 1091 1185 1149 tento
1211 1104 1243 1148 se
1268 1087 1382 1148 sceiere

199 1185 442 1251 obstrinxerunt.
1260 1257 1271 1275 χ

281 1293 310 1372 3,
332 1295 374 1355 44
401 1292 490 1356 Hoec
516 1295 641 1376 roqotio
669 1295 713 1358 od
740 1316 777 1359 eo
800 1299 957 1380 qertinet,
985 1294 1075 1383 quoe]
1094 1301 1178 1378 pert.
1201 1294 1245 1358 od
1266 1313 1302 1356 en
1323 1313 1381 1376 po.

197 1397 301 1462 Huius
325 1397 446 1464 ordinis
468 1419 531 1464 non
553 1418 661 1484 pauca
682 1399 888 1466 inveniuntur
911 1401 1069 1484 exemplu,
1093 1399 1134 1464 of.
1149 1403 1230 1463 orat.
1244 1402 1282 1462 11
1306 1399 1382 1482 quid

197 1503 273 1566 boec
296 1507 481 1584 pertineant
508 1505 551 1568 od
579 1525 631 1585 eo,
654 1525 747 1590 quoe,
778 1513 859 1571 orat.
884 1510 944 1572 165
966 1509 1041 1590 quio
1061 1506 1248 1587 referuntur
1269 1505 1313 1567 od
1335 1524 1380 1584 eo,

198 1609 242 1671 od
262 1629 357 1693 quoe,
381 1608 421 1674 (14
444 1609 498 1674 off.
520 1612 555 1690 2,
577 1613 618 1672 45
640 1631 733 1694 quom
756 1612 792 1674 ob
813 1633 879 1676 rem
898 1631 1069 1696 perquiris
1091 1611 1134 1674 nd
1155 1631 1200 1691 eu,
1224 1608 1381 1694 quondo

197 1713 317 1779 invent.
345 1717 382 1794 2,
405 1717 446 1779 49
468 1716 626 1778 auditoris
647 1719 773 1780 enimus
793 1725 850 1781 out
869 1725 1040 1782 reuocetur
1067 1716 1112 1779 od
1139 1736 1190 1795 eu,
1219 1735 1312 1799 quoe,
1342 1713 1382 1779 (14

198 1819 271 1900 lege
293 1839 362 1900 agr.
391 1821 427 1899 2,
450 1821 490 1884 38
512 1821 567 1883 sed
588 1823 738 1885 attendite
759 1825 881 1888 onimos
902 1824 946 1886 od
967 1843 1017 1902 eo,
1042 1842 1134 1905 quoe,
1157 1842 1216 1904 pro
1238 1820 1323 1884 Tull.
1342 1821 1381 1882 37

199 1931 227 1988 et
249 1931 351 1988 tumen
374 1925 538 1988 dicendum
568 1933 612 1989 est
639 1927 682 1990 ed
710 1948 763 2007 eo,
794 1948 887 2011 quoe,
916 1947 975 2010 pro
997 1927 1170 1990 Plancos
1192 1923 1383 2008 respondebo

164 2067 167 2074 ·
198 2031 242 2093 ed
263 2051 308 2110 eu,
331 2050 419 2114 quoe,
441 2029 474 2092 in
486 2029 595 2096 Vatin.
607 2033 647 2094 10
669 2040 733 2095 tum
755 2036 933 2097 memoriter
954 2031 1138 2115 respondeto
1161 2031 1204 2094 od
1225 2050 1271 2109 en,
1295 2049 1383 2112 quoe.

280 2138 309 2216 2,
332 2137 372 2198 43
399 2156 455 2198 neo
481 2137 664 2199 simutotnm
682 2144 784 2220 potest
805 2141 970 2222 quicquum
993 2157 1054 2201 esse
1077 2132 1274 2222 diuturnum]
1299 2136 1382 2218 quio-

198 2261 290 2325 qnom
319 2248 420 2324 potest
448 2262 505 2325 po.
549 2241 598 2305 01.
621 2241 662 2307 (14
691 2242 743 2306 411.
778 2245 811 2323 3,
836 2247 875 2306 77
907 2243 997 2306 nulio
1029 2243 1120 2306 modo
1154 2241 1257 2304 uideri
1283 2245 1383 2322 potest

198 2348 358 2430 quicquam
382 2367 445 2411 esse
465 2349 558 2428 utile,
586 2349 681 2432 quod,
713 2346 752 2412 (14
783 2347 852 2412 1414
874 2351 895 2410 4
915 2349 967 2410 An
988 2346 1080 2427 mibi,
1111 2349 1256 2430 inquom,
1283 2351 1383 2427 potest

200 2451 362 2533 quicquum
391 2473 452 2516 esse
481 2453 657 2530 molestum,
686 2453 782 2536 quod,
812 2453 893 2517 0414
915 2455 956 2517 66
982 2452 1087 2516 Potest
1114 2451 1196 2516 e'nim
1218 2453 1384 2536 quicquum

202 2572 265 2617 esse
292 2557 459 2620 absurdius
487 2579 595 2642 quom,
630 2557 670 2622 (14
692 2557 743 2622 fin.
767 2559 802 2638 3,
825 2561 865 2621 42
890 2558 942 2622 Au
968 2578 1040 2622 eero
1076 2559 1188 2621 certius
1219 2557 1384 2641 quicquum

196 2665 301 2743 potest
333 2679 395 2723 esse
426 2683 534 2745 quom,
561 2662 714 2726 odiam.
740 2665 916 2743 11,27,8
945 2683 1000 2727 nec
1032 2662 1110 2726 mibi
1138 2664 1268 2747 qrooius
1301 2663 1383 2746 quic-

201 2784 294 2848 quum
312 2771 417 2848 potest
439 2785 510 2830 esse.

284 2873 313 2950 2,
327 2872 367 2934 45
390 2870 501 2935 debent
522 2871 716 2960 contendere]
741 2892 765 2935 c.
789 2873 819 2937 d.
841 2893 897 2956 po.
931 2871 980 2937 01.
1007 2892 1065 2956 pro
1084 2872 1212 2949 Quinoi.
1235 2873 1274 2935 76
1298 2878 1385 2934 tuum

201 2977 409 3040 testimonium
437 3013 479 3022 -
504 2979 722 3060 qrooissimnm
751 2977 838 3040 debet
866 2997 927 3042 esse
956 2997 1027 3042 oum
1055 2977 1087 3041 in
1116 2977 1236 3042 044411.
1258 2975 1323 3041 div.
1345 2978 1385 3039 47

203 3080 352 3145 Omnibus
373 3084 454 3146 enim
478 3081 625 3146 rebus-
648 3083 869 3146 ornatissimus
890 3089 918 3145 et
934 3084 1160 3166 paratissimus
1182 3102 1246 3146 esse
1268 3081 1364 3145 debet.

285 3188 320 3266 3,
344 3188 384 3250 39
402 3188 517 3269 fictam
547 3194 575 3250 et
603 3189 849 3250 commenticiam
869 3186 1020 3269 fobutom
1042 3188 1206 3271 probatem
1236 3187 1345 3250 dieunt
1367 3207 1387 3248 o

202 3289 346 3379 Plutone]
365 3295 453 3375 qrot.
470 3292 622 3375 subpo.
666 3291 751 3355 Illud
775 3292 943 3356 confirmat
963 3293 1099 3358 Nonius.

287 3400 315 3478 1,
338 3397 380 3460 20
400 3399 530 3476 iustitio,
556 3399 591 3460 in
613 3416 675 3480 quo
695 3399 823 3460 uirtutis
845 3405 888 3461 est
908 3399 1057 3481 splendor
1074 3394 1241 3484 nocuimus]
1266 3395 1387 3478 sptend.

203 3508 247 3564 est
266 3503 356 3585 poB.

285 3608 314 3688 3,
337 3608 377 3671 92
399 3604 605 3688 Perspicuum
628 3613 670 3669 est
692 3609 757 3669 ium
780 3605 918 3695 etquid]
947 3599 1053 3689 persq.
1076 3608 1170 3670 etiam
1198 3612 1243 3668 est
1263 3605 1339 3688 qnid
1360 3625 1388 3685 o,

199 3731 305 3795 persp.
327 3713 391 3776 ium
415 3718 458 3774 est
480 3717 508 3774 et
530 3712 606 3795 qnid
626 3732 658 3795 p.
703 3709 753 3775 01.
774 3710 808 3774 in
831 3709 950 3777 044411.
973 3709 1073 3775 divin.
1097 3714 1135 3774 17
1156 3709 1323 3794 Reliquum
1345 3715 1390 3772 est

202 3818 276 3894 ium,
299 3822 334 3879 ut
356 3816 439 3880 iliud
459 3835 654 3900 quaeremus.

286 3923 315 4000 3,
340 3924 379 3984 17
407 3923 436 3983 si
462 3941 540 4004 quoe
566 3921 609 3984 od
630 3923 773 3984 uirtutem
794 3926 839 3983 est
853 3919 950 4001 sueto
966 3918 1163 4008 qroqressio]
1188 3926 1232 3983 est
1253 3920 1297 3982 od
1317 3921 1389 3983 oiri.

203 4046 257 4110 po.
289 4025 339 4090 01.
362 4025 402 4088 (14
428 4025 481 4088 off.
497 4028 560 4105 2,8
581 4028 646 4089 uisi
667 4045 705 4088 en
725 4032 858 4110 utroque
883 4032 975 4108 porte
1004 4044 1171 4088 censorum
1200 4032 1275 4088 esset
1294 4024 1391 4106 foetu

205 4133 370 4210 contentio,
394 4129 475 4194 Cato
495 4133 535 4193 27
559 4151 689 4215 qnorum
711 4151 806 4214 usque
829 4131 872 4193 ed
894 4137 1063 4194 entremum
1084 4131 1232 4212 spiritum
1254 4137 1298 4192 est
1313 4149 1389 4212 qro-

204 4241 290 4298 oecte
307 4237 497 4315 prudentio3
522 4232 562 4298 (14
585 4235 638 4299 off.
656 4239 686 4318 2,
702 4237 742 4300 26
764 4239 852 4300 cuius
873 4243 917 4300 est
936 4243 1063 4322 praeter
1083 4241 1201 4299 ceteros
1221 4233 1391 4300 nobilitato
