3278 4900
284 1486 452 1580 Ciceronis
474 1511 515 1574 de
538 1509 654 1574 officiis
676 1510 776 1575 libros
799 1531 870 1575 cum
893 1510 1004 1576 ederet
1025 1511 1124 1574 Ianus
1147 1511 1316 1587 Gruterus,
1338 1533 1380 1578 ex

196 1615 359 1680 codicibus
393 1635 490 1679 manu
518 1613 648 1698 scriptis
678 1615 739 1680 hoo
767 1635 847 1700 opus
870 1615 1125 1697 continentibus,
1158 1636 1238 1698 quos
1270 1616 1378 1699 „innu-

196 1722 319 1788 meros“
334 1719 564 1786 bibliothecam
579 1720 782 1786 electoralem
798 1721 831 1801 (i.
844 1742 872 1788 e.
884 1720 1379 1804 Heidelbergensem),habuisse

194 1831 342 1906 testatur,
366 1825 446 1890 duos
469 1825 628 1905 adhibuit,
651 1825 704 1908 qui
727 1825 757 1890 ei
781 1846 854 1891 esse
875 1826 1062 1892 viderentur
1085 1832 1200 1908 „notae
1216 1826 1376 1910 optimac“

196 1933 250 2013 (cf.
276 1932 318 1996 M.
342 1930 440 1996 Tullii
463 1930 628 1995 Ciceronis
663 1951 764 2014 opera
799 1931 906 1996 omnia
934 1968 975 1977 -
1005 1929 1177 1996 emendata
1208 1931 1315 1996 studio
1339 1969 1376 1978 —

194 2035 267 2101 Iani
281 2035 443 2100 Gulielmii
455 2041 487 2100 et
499 2035 570 2100 Iani
582 2035 722 2101 Gruteri.
745 2035 926 2117 Hambu'rgi
940 2038 1030 2100 1618.
1044 2042 1119 2100 tom.
1134 2036 1190 2100 IV.
1207 2056 1283 2120 pag.
1292 2039 1352 2100 427
1360 2047 1378 2100 l.

197 2141 340 2218 Quorum
362 2139 405 2216 is,
438 2161 530 2222 quem
552 2141 607 2205 ille
630 2141 679 2205 vir
701 2139 815 2205 doctus
838 2140 967 2205 dicebat
987 2140 1126 2225 primum
1147 2160 1239 2205 suum
1260 2141 1378 2224 -qui

185 2242 279 2309 'nunc
302 2252 352 2310 est
383 2244 466 2310 inter
487 2246 724 2331 manuscriptos
747 2245 1297 2328 Palatino·vaticanos-insignitus
1321 2268 1377 2312 nu-

194 2370 283 2415 mero
313 2352 472 2430 1531—,
504 2369 700 2432 qrramquam
731 2357 807 2436 post
828 2351 956 2416 Crateri
987 2357 1127 2415 aetatem
1160 2351 1218 2414 alii
1250 2351 1378 2417 codices

194 2476 258 2519 non
290 2453 387 2538 pauci
416 2458 491 2518 sunt
518 2455 641 2520 inventi
663 2463 696 2522 et
728 2457 761 2521 in
786 2456 928 2522 medium
961 2455 1096 2539 prolati,
1129 2448 1238 2520 tamen
1268 2476 1307 2521 ne
1330 2455 1378 2521 eis

194 2559 333 2642 quidem,
356 2559 411 2641 qui
433 2559 494 2624 hoc
516 2561 646 2625 saeculo
668 2561 742 2626 illos
760 2561 925 2627 Ciceronis
947 2561 1048 2625 libros
1070 2559 1249 2640 ediderunt,
1272 2561 1380 2642 negle-

195 2664 318 2746 gendus
351 2685 424 2730 esse
451 2664 632 2730 videbatur.
676 2667 823 2731 Halmius
853 2665 981 2750 quidem
1017 2671 1049 2731 et
1071 2665 1183 2731 Baiter
1205 2649 1287 2730 ¹cum
1323 2685 1380 2750 pa-

194 2775 306 2834 rarent
322 2769 458 2834 alteram
481 2770 654 2836 editionem
669 2773 887 2853 Turicensem
910 2770 1071 2834 hominem
1089 2769 1228 2850 aliquem
1250 2769 1379 2834 doctum

194 2873 432 2956 quaesiverunt,
456 2875 511 2957 qui
528 2876 712 2940 Palatinum
734 2877 767 2941 in
790 2897 881 2947 usum
906 2895 1006 2940 suum
1020 2874 1182 2941 conferret
1204 2875 1258 2957 (of.
1272 2875 1379 2957 Halm,

194 2999 249 3043 zur
264 2979 627 3046 Handschriftenkunde
649 2980 706 3046 der
723 2980 969 3050 Ciceronischen
987 2979 1160 3046 Schriften.
1190 2980 1380 3063 Programm

196 3083 252 3148 des
274 3084 342 3166 kgl.
361 3085 754 3171 Maximilians-Cymnas.
777 3086 945 3166 Mbnchen,
968 3088 1058 3151 1850.
1081 3106 1156 3170 pag.
1173 3087 1251 3150 VIII
1268 3091 1300 3151 et
1317 3088 1380 3167 18),

198 3189 255 3252 sed
276 3189 465 3272 exiguarum
494 3197 619 3256 tantum
648 3193 794 3282 partium
820 3193 997 3277 scripturas
1020 3191 1190 3256 continuas
1222 3190 1269 3256 eis
1290 3191 1381 3256 licuit

197 3292 230 3355 in
252 3293 308 3358 illa
339 3294 481 3363 editione
515 3317 706 3381 proponere.
751 3298 859 3362 Causa
888 3303 1011 3374 autem,
1048 3316 1104 3360 cur
1135 3295 1223 3361 illius
1259 3295 1380 3363 codicis

195 3398 410 3480 cognitionem
432 3399 673 3482 desiderarent,
694 3403 728 3466 in
751 3423 788 3468 eo
812 3407 898 3482 erat,
921 3401 1016 3485 quod,
1040 3421 1234 3484 quamquam
1257 3422 1382 3467 summa

195 3522 255 3586 ope
278 3503 359 3568 enisi
388 3513 496 3586 crant,
530 3512 660 3590 praetor
681 3508 862 3572 Palatinum
892 3507 1015 3572 nullum
1036 3507 1136 3570 alium
1159 3491 1301 3570 codicem
1324 3527 1382 3590 po-

196 3616 321 3674 tuerant
342 3609 552 3692 investigare,
575 3612 629 3695 qui
652 3612 796 3678 eiusdem
821 3612 932 3697 stirpis
955 3617 1041 3677 esset
1058 3616 1154 3693 atque
1171 3609 1226 3674 ille
1239 3609 1379 3676 Beruen-

195 3713 240 3779 sis
266 3716 326 3779 104
349 3715 390 3778 ab
414 3715 536 3782 Orellio
559 3717 696 3802 primum
719 3717 894 3782 adhibitus.
928 3715 1022 3794 Quod
1044 3716 1077 3780 hi
1101 3715 1223 3780 frustra
1245 3721 1379 3799 exopta-

193 3827 317 3898 verant,
341 3826 376 3885 ut
397 3820 481 3885 alius
499 3821 554 3903 qui
567 3822 650 3887 liber
666 3822 882 3888 innotesceret
895 3843 966 3887 cum
978 3820 1135 3888 Beruensi
1153 3841 1170 3884 c
1187 3819 1380 3902 cognatione

194 3924 336 4006 quadam
358 3925 560 4008 coniunctus,
589 3926 623 3991 id
644 3927 776 3993 tandem
799 3927 935 4011 contigit
957 3948 1058 4012 opera
1079 3925 1226 3999 Luchsii,
1256 3925 1310 4007 qui
1332 3926 1382 3991 vir

194 4030 401 4095 doctissimus
430 4052 447 4096 o
468 4031 611 4097 tenebris
639 4031 673 4096 in
694 4033 798 4097 lucem
819 4032 982 4116 protraxit
1003 4032 1147 4099 codicem
1168 4030 1380 4096 Harleianum

193 4137 284 4200 2716.
338 4137 387 4203 De
420 4135 482 4201 hoc
513 4136 597 4201 libro
634 4137 667 4202 in
701 4135 930 4202 dissertalione
958 4137 1027 4220 egi,
1064 4155 1161 4218 quam
1196 4135 1311 4220 scripsi
1339 4135 1380 4200 de

194 4239 358 4306 Ciceronis
392 4241 432 4307 dc
465 4240 582 4306 officiis
615 4241 770 4307 librorum
806 4242 972 4308 codicibus
1004 4241 1161 4307 Beruensi
1193 4243 1254 4306 104
1288 4240 1380 4324 eique
