3278 4900
752 261 959 323 ..35..

326 447 328 452 ’
347 445 375 523 3,
397 446 435 508 91
459 443 548 508 Haec
568 451 641 508 suut
662 447 754 528 quiesi
775 452 972 510 coutroversc
1000 448 1073 508 iura
1095 445 1283 526 Stoicorum]
1305 444 1380 556 laec
1401 465 1447 529 pc

264 547 318 629 H2,
340 548 399 614 leae
419 549 456 628 Ζ,
486 557 684 614 controversa
705 553 779 614 iuro
801 570 834 631 3,
863 555 1092 615 coutroversiae
1111 535 1184 614 iura
1206 551 1346 631 BHAb,
1375 571 1448 614 cou-

265 658 414 718 trooersie
436 661 464 719 et
484 657 558 718 iura
579 675 610 739 p.
647 655 684 718 In
703 655 735 718 X
753 673 815 718 non
836 656 939 720 solum
954 655 1039 738 leaeo,
1062 655 1234 722 sedetiam
1252 663 1450 720 controversa

265 759 366 824 fuisse
384 759 495 824 'creda
1088 748 1091 753 ’

346 867 375 950 3,
398 866 439 930 94
462 864 571 944 Quid?
592 862 684 949 quod]
709 866 763 948 qui
784 865 867 948 quod
887 865 1049 929 H¹A¹ba

348 972 377 1049 3,
402 971 442 1033 38
464 968 569 1032 uitello
587 967 675 1054 plus]
698 968 782 1032 uilil
804 969 929 1051 (uiclit)
947 971 1023 1054 plus
1044 969 1079 1034 Z.

238 1107 242 1116 ·
348 1078 378 1154 3,
400 1077 438 1138 81
463 1081 519 1138 331
540 1072 634 1160 huuc]
659 1081 751 1158 atque
771 1073 801 1137 le.
824 1074 859 1138 Ζ.

346 1183 377 1261 3,
399 1182 440 1244 26
461 1180 517 1244 scol
538 1181 635 1242 multo
657 1180 717 1242 illa
732 1165 857 1262 peiora]
879 1187 907 1243 et
927 1180 952 1243 Z
975 1200 1034 1264 pro
1056 1181 1120 1244 sect.

348 1288 377 1366 3,
400 1290 439 1349 11
464 1285 615 1364 Quocirca
638 1304 693 1346 aec
713 1282 758 1369 iel]
783 1305 822 1348 ue
843 1285 867 1347 Z
889 1305 947 1369 pro
969 1306 1035 1350 uec.

349 1393 378 1470 3,
401 1393 439 1455 61
464 1389 536 1452 Nou
564 1391 801 1470 inlicitatorem]
829 1410 892 1454 333
920 1393 955 1454 iu
981 1392 1167 1454 licitatorem
1197 1410 1228 1470 3,
1261 1409 1325 1452 333
1353 1389 1450 1452 illici-

267 1503 363 1560 torem
386 1517 417 1579 p,
439 1513 502 1557 333
525 1496 714 1557 licitatorem
736 1494 771 1558 Z.

349 1598 636 1687 3,111uotioues]
668 1601 818 1663 motioues
851 1620 871 1662 a
900 1605 975 1664 ante
1008 1606 1141 1664 correct.
1149 1647 1158 1680 ,
1191 1603 1345 1664 iuotioues
1375 1599 1451 1680 BH,

266 1708 442 1770 iuuotioues
462 1700 531 1768 Ab.

349 1813 378 1890 3,
401 1813 439 1874 61
462 1809 636 1890 simulabit]
659 1811 755 1872 simul
775 1809 858 1872 obsit
879 1808 953 1890 Hb,
976 1813 1051 1873 ante
1074 1814 1206 1874 correct.
1230 1808 1328 1874 etiam
1351 1809 1420 1872 Aa.

349 1917 379 1995 3,
402 1917 442 1978 15
463 1917 499 1978 iu
521 1915 721 1998 locupletium
744 1920 925 1976 testamenta
953 1933 1064 1978 uomeu
1091 1917 1158 1978 eius
1179 1911 1334 2000 iurcperc]
1359 1919 1452 1976 testa-

264 2027 367 2084 33313
389 2020 423 2083 Ζ.

307 2114 313 2130 ’
348 2128 378 2206 3,
402 2128 461 2189 116
482 2127 561 2189 viris
584 2121 737 2209 equisque}
760 2125 842 2186 ueris
864 2123 999 2187 BHAb.

349 2232 379 2310 3,
405 2233 464 2294 115
485 2231 624 2310 Acilius]
646 2227 790 2292 Facilius
812 2225 944 2292 BHba.

352 2338 381 2416 3,
406 2338 466 2399 114
487 2342 556 2399 313
583 2335 738 2415 Varroue]
761 2341 790 2397 et
810 2353 927 2398 ooroue
946 2353 978 2416 p,
1002 2339 1030 2396 et
1051 2332 1204 2396 alorsouc
1225 2332 1260 2396 Z.

352 2439 508 2505 Fortasse
535 2439 586 2503 his
614 2439 695 2504 locis
724 2421 801 2502 addi
828 2439 992 2521 potest-3,
1015 2439 1034 2500 8
1061 2439 1194 2522 tripiuta
1220 2439 1313 2502 cuuis
1339 2439 1455 2501 ciuisse

269 2545 456 2609 Peucetiam
484 2551 591 2628 posteo
619 2565 712 2628 quam
740 2541 1315 2628 11133116333331311333113333333.
1351 2543 1454 2606 Aaou·

271 2650 395 2714 sativos
423 2650 668 2733 antepcnendus
695 2648 774 2712 mihi
801 2649 930 2714 videtur
958 2647 1119 2727 ablativo,
1148 2647 1358 2728 3313013333
1381 2668 1455 2712 cum

270 2754 379 2819 multis
411 2754 492 2818 locis
522 2756 621 2819 verbo
649 2753 814 2818 oioeudi
843 2753 970 2817 addidit
996 2772 1095 2815 33333
1122 2753 1174 2818 331
1202 2773 1322 2816 cauum
1351 2751 1455 2834 (velut

270 2858 428 2939 Acad.2‚
452 2861 491 2922 16
518 2879 591 2922 uam
624 2861 801 2942 uouapiutc
826 2861 905 2922 uiuit
931 2877 1048 2938 33333,
1081 2857 1121 2923 63
1149 2856 1248 2922 divin.
1270 2861 1308 2938 2,
1330 2859 1371 2921 90
1398 2879 1455 2921 333

272 2964 398 3028 totidem
431 2985 530 3028 33333
564 2966 724 3044 oluerunt,
762 2962 802 3028 de
831 2963 961 3027 131319
994 2983 1063 3025 cum
1098 2963 1160 3026 duo
1195 2971 1224 3027 et
1253 2965 1456 3048 septuapiuta

271 3088 371 3133 33333
401 3071 532 3149 uicerit,
566 3068 647 3132 Cato
669 3071 711 3131 24
737 3089 770 3132 33
797 3083 915 3132 aucum
938 3088 1089 3152 ——posse
1116 3067 1243 3150 uiuere),
1278 3074 1345 3132 tum
1380 3067 1454 3132 1333
1496 3070 1501 3075 ’

272 3173 370 3236 simili
393 3173 488 3258 (0313
512 3172 564 3258 13)
589 3172 719 3256 scripsit
741 3177 885 3258 quicum
907 3175 1023 3237 librum
1043 3209 1085 3219 -
1114 3179 1226 3256 quarto
1255 3181 1283 3236 et
1315 3193 1452 3256 333393-

270 3281 349 3342 simo
384 3299 468 3341 auuo
500 3281 660 3363 scripsisse
697 3297 730 3341 se
762 3278 842 3341 dicit
881 3280 1022 3362 vicitque
1060 3281 1305 3363 quiuqueureiom
1332 3285 1453 3360 posteo.

270 3383 356 3448 Illud
378 3383 574 3466 exemplum,
610 3382 696 3465 quod
724 3381 767 3445 ad
795 3381 998 3466 probandum
1027 3382 1205 3447 ablativum
1234 3384 1329 3448 affert
1352 3383 1454 3449 Gesn-

271 3488 405 3553 hardius
429 3488 482 3568 (de
505 3488 557 3552 off.
579 3491 610 3568 2,
633 3490 673 3552 19
695 3494 730 3550 31
751 3508 863 3570 aprum
884 3489 991 3552 multis
1013 3491 1108 3552 cuuis
1128 3495 1184 3552 aut
1204 3492 1299 3552 etiam
1320 3492 1456 3554 saeculis

271 3599 344 3656 aute
361 3612 537 3676 possessum
559 3595 615 3678 qui
634 3595 756 3657 uultum
778 3592 1044 3673 ieiunitatem),
1066 3613 1129 3657 333
1153 3593 1234 3658 33113
1251 3594 1455 3660 commodum

272 3704 337 3776 331,
359 3718 434 3761 333
457 3697 610 3779 quoniam
626 3719 804 3782 possessum
825 3698 887 3764 hoc
907 3700 979 3765 1333
996 3699 1203 3783 participium
1218 3705 1268 3764 331
1283 3720 1346 3764 333
1360 3703 1453 3766 verbi

267 3803 520 3888 possidendi,
545 3803 604 3867 sed
621 3804 874 3886 praesidiarii,
898 3803 1084 3870 Ciceronem
1106 3811 1243 3888 apparet
1261 3804 1367 3870 dicere
1387 3827 1454 3872 333

272 3909 313 3974 de
335 3929 390 3988 33,
420 3909 474 3990 qui
501 3927 560 3992 per
582 3907 700 3971 multos
724 3913 821 3973 33133
843 3929 945 3973 33333
967 3908 1000 3973 13
1022 3908 1094 3992 agri
1115 3909 1322 3993 possessione
1346 3911 1455 3996 fuerit,

273 4014 331 4081 sad
353 4013 394 4079 de
415 4033 463 4094 eo,
486 4011 541 4097 qui
564 4011 672 4077 multis
695 4013 787 4078 33313
810 4021 884 4079 3313
906 4014 940 4077 13
962 4013 1202 4098 possessionem
1224 4015 1357 4080 venerit.
