3278 4900
689 311 873 372 ,5-

691 634 817 719 Caput
839 636 864 699 Ι.

412 867 417 874 ’
504 843 574 955 lle
610 843 777 956 eodiee
818 841 1055 955 Palatino.

190 1134 214 1225 ξ
235 1137 266 1204 1.
304 1132 580 1206 Enumerantur
607 1132 816 1228 scripturae
838 1131 981 1206 oodieis
994 1131 1161 1206 Palatini
1185 1131 1370 1228 propriae.

270 1332 474 1413 Quamquam
496 1353 537 1398 ex
559 1333 607 1399 eis
630 1333 786 1417 exemplis
806 1332 899 1417 ipsis,
926 1332 1063 1415 quaein
1085 1352 1156 1417 eap.
1175 1333 1221 1397 IV
1243 1330 1371 1396 dissert.

187 1457 228 1503 ex
249 1436 323 1502 libr.
345 1439 362 1502 I
384 1441 426 1518 ἐξ
440 1441 601 1504 152-161
626 1444 657 1502 31
678 1437 712 1501 Π
733 1439 855 1502 61-81
879 1437 1005 1520 collegi,
1027 1438 1211 1502 Palatinum
1235 1441 1373 1521 apparet

188 1542 331 1606 maxima
351 1543 483 1609 lieentia
496 1547 528 1608 et
546 1542 724 1627 eupiditate
745 1542 936 1608 immutandi
950 1550 1133 1627 corruptum
1149 1563 1230 1623 esse,
1254 1548 1373 1620 tamen,

189 1651 225 1710 ut
256 1647 324 1712 eius
357 1648 576 1732 proprietates
604 1667 738 1732 prorsus
760 1647 1013 1733 perspiciantur,
1050 1668 1114 1712 non
1136 1647 1277 1714 alienum
1300 1667 1373 1713 esse

189 1750 316 1817 videtur
337 1753 450 1820 eadem
473 1752 609 1833 ratione,
632 1771 696 1833 qua
717 1753 751 1816 in
772 1773 844 1837 oap.
857 1754 908 1817 III
930 1753 984 1835 (de
1005 1752 1116 1819 oodioe
1131 1753 1226 1819 Bern.
1243 1757 1273 1834 e)
1296 1772 1373 1818 usus

187 1876 269 1938 sum,
293 1856 332 1923 de
353 1857 506 1922 Palatino
530 1878 638 1940 agere.

272 1962 564 2046 Deprehenduntur
586 1968 693 2028 autem
715 1962 802 2028 intra
825 1982 880 2028 eas
901 1967 1029 2046 partes,
1053 1979 1137 2043 quae
1160 1963 1264 2027 tribus
1288 1962 1374 2028 eodi-

191 2068 284 2132 oibus
295 2067 391 2150 (Lpo)
409 2074 557 2134 servatae
573 2074 655 2148 sunt,
677 2074 808 2152 praeter
822 2067 933 2132 varias
949 2066 1103 2132 lectiones
1116 2089 1157 2132 ex
1171 2069 1187 2132 I
1200 2071 1374 2148 152-161,

190 2172 224 2235 ΙΙ
247 2172 381 2235 61-81
412 2172 433 2236 l.
455 2193 481 2237 e.
514 2172 695 2257 exscriptas
716 2174 749 2238 in
771 2172 922 2238 Palatino
950 2193 1012 2237 uno
1040 2164 1103 2237 lrae
1135 2171 1375 2256 discrepantiae

188 2277 263 2361 plus
286 2277 431 2342 minusve
453 2278 691 2348 memorabiles.

272 2381 426 2448 Additum
463 2389 512 2448 est
539 2383 570 2447 in
604 2404 626 2467 p
661 2384 795 2450 verbum
830 2381 1067 2446 substantivum
1098 2389 1157 2446 est
1189 2387 1264 2466 post
1295 2381 1376 2448 haee

188 2487 305 2552 verba:
336 2491 414 2568 658,
437 2487 515 2567 221)
550 2489 733 2571 drffieiltaa
757 2490 833 2567 659,
857 2488 877 2548 2
898 2487 1061 2570 splendor,
1097 2486 1176 2550 ibid.
1198 2489 1239 2550 34
1267 2489 1375 2567 tutior,

186 2598 258 2670 662,
281 2595 321 2656 35
343 2593 435 2670 illud,
456 2597 528 2674 673,
543 2595 583 2658 33
606 2613 709 2677 opero,
731 2595 837 2674 679,3
860 2599 960 2674 turpe,
982 2594 1109 2671 688,16
1130 2593 1274 2670 alterum,
1296 2589 1375 2655 ibid.

191 2701 229 2763 17
253 2699 388 2777 tertium,
408 2697 548 2780 itemque
570 2707 661 2763 aaut
681 2702 756 2782 post
778 2698 877 2762 haee:
897 2696 1179 2777 6591431133313
1202 2695 1376 2781 (videndo),

188 2807 261 2882 686,
284 2803 324 2865 27
347 2808 499 2884 quaestus,
522 2809 593 2883 688,
612 2805 653 2869 39
675 2806 813 2883 rariora,
835 2803 960 2884 699,19
981 2801 1138 2878 liberales,
1159 2805 1282 2882 74917
1305 2821 1376 2864 eoe-

189 2909 383 2984 seetotrr‘ces;
404 2911 575 2990 praeterea
597 2909 668 2974 oxh.
690 2930 712 2993 p
736 2913 807 2988 677,
831 2910 870 2972 35
893 2915 965 2971 aaut
986 2914 1061 2992 post
1084 2907 1257 2990 recepieudi
1279 2910 1378 2970 otest

190 3019 265 3097 post
286 3011 500 3093 admittendo,
528 3017 607 3094 676,
629 3018 649 3080 9
670 3021 744 3077 suat
771 3032 835 3077 non
857 3011 951 3077 modo
980 3033 1052 3077 oum
1075 3013 1120 3076 Le
1150 3019 1225 3096 post
1246 3012 1377 3094 referto,

192 3117 250 3182 sed
273 3119 371 3184 etiam
395 3117 483 3182 solus
510 3124 586 3202 post
609 3122 706 3198 nulli,
741 3122 821 3198 671,
841 3120 883 3181 25
905 3135 953 3198 sq.
975 3125 1011 3182 at
1031 3126 1104 3182 suat
1123 3137 1197 3182 3333
1216 3120 1263 3180 ita
1285 3124 1376 3198 temp.
1451 3193 1453 3198 Ι

192 3222 276 3306 palm
299 3242 363 3286 esse
384 3222 529 3286 additum
552 3229 601 3288 est
623 3229 694 3305 652,
708 3228 746 3289 17
759 3241 807 3303 sq.
831 3223 1021 3308 (reddendos
1042 3242 1104 3287 non
1127 3243 1190 3287 esse
1211 3226 1377 3287 insertato

194 3330 328 3408 censuit)
351 3334 383 3393 et
405 3332 477 3404 665,
494 3331 535 3393 22
558 3347 605 3409 sq.
629 3334 672 3410 (et
693 3348 755 3393 esse
776 3330 930 3410 maximi).

276 3432 522 3498 Coniunctiones
559 3441 591 3499 et
623 3433 882 3519 praepositiones
912 3437 986 3497 sunt
1018 3432 1164 3498 adscitae
1199 3437 1274 3498 ante
1297 3431 1378 3496 haee

193 3539 309 3605 verba:
333 3541 488 3620 [31)655,
510 3542 529 3603 5
552 3542 587 3603 in
609 3540 758 3618 leonidae,
780 3541 851 3618 656,
875 3541 894 3602 3
916 3541 1101 3618 eommunia,
1121 3542 1193 3616 671,
1218 3540 1257 3602 14
1278 3536 1345 3600 Mel
1366 3571 1379 3582 ·

193 3645 339 3726 nippom,
361 3648 438 3724 674,
462 3646 481 3708 6
504 3664 555 3724 33,
584 3647 680 3729 [que]
702 3648 780 3724 673,
802 3646 843 3707 22
864 3648 1036 3722 seniorum
1070 3646 1225 3724 [autem]
1248 3646 1320 3721 653,
1337 3643 1379 3704 28

193 3751 306 3824 etium,
336 3755 412 3828 669,
435 3752 476 3814 29
498 3749 643 3830 decidua,
664 3753 742 3829 679,
766 3752 786 3813 9
808 3749 906 3828 attae,
940 3749 984 3814 ib.
1007 3750 1048 3813 30
1070 3770 1152 3828 eam,
1173 3753 1253 3827 698,
1276 3749 1380 3811 931033

192 3875 378 3939 numquam
413 3859 531 3937 [vero]
552 3860 629 3936 749,
653 3858 692 3920 19
714 3857 933 3934 31313οά333331,
969 3854 1050 3935 [sed
1077 3853 1129 3919 vel
1148 3857 1218 3934 set]
1239 3859 1316 3932 661,
1338 3853 1381 3916 20

266 4098 293 4169 1)
314 4099 345 4153 In
363 4099 513 4155 afferendis
532 4097 625 4156 verbis
652 4114 687 4153 ex
706 4096 847 4153 ciceronis
876 4096 912 4151 de
939 4090 1043 4152 officiis
1071 4094 1149 4150 libris
1177 4094 1299 4150 editione
1318 4100 1382 4148 utar

193 4191 285 4247 Turio.
304 4193 395 4248 altera
414 4199 451 4260 (a.
464 4193 545 4260 1861)
569 4199 598 4248 et
615 4193 644 4246 iu
664 4191 717 4246 hoe
736 4191 829 4260 priore
848 4191 942 4258 eapite
961 4191 1126 4260 paginarum
1146 4193 1175 4243 et
1193 4204 1331 4254 versuum,
1352 4187 1380 4244 iu

192 4287 350 4356 posteriore
369 4286 501 4344 librorum
520 4291 549 4343 et
566 4285 805 4358 paragraphorum
824 4301 953 4341 numeros
972 4282 1139 4344 adscribam.
1240 4300 1246 4311 ¹
