3278 4900
703 234 904 296 ..31-

293 422 322 497 2,
346 421 386 483 86
415 417 479 482 Seel
505 419 651 484 ualetudo
679 425 872 484 sustentatur
900 419 1015 482 notitia
1042 420 1094 482 sui
1121 416 1274 506 corporis]
1304 419 1394 480 susti-

211 532 323 588 neatur
346 545 402 609 pc.
445 522 531 589 Illud
558 545 669 590 verum
700 529 731 589 ot
760 523 933 606 genuinum
965 543 1037 588 osse
1067 523 1140 607 ipsa
1169 545 1210 589 ex
1235 522 1346 588 littera
1375 543 1395 586 a

212 629 304 696 verbi
325 632 516 694 sustineatur
543 630 663 708 elucet3
697 647 802 710 neque
834 629 918 694 enim
945 629 1060 694 modus
1092 627 1312 694 coniunctium
1341 627 1395 692 hio
1438 711 1450 718 -

79 755 96 774 “
213 742 308 819 aptus
340 739 399 800 est.
455 733 831 816 Of.aufam.7,1,5
861 743 894 798 tu
922 735 1013 798 niodo
1042 737 1135 798 istam
1163 733 1396 805 inbecillitatem

212 841 406 904 oalctuole'm‘s
427 847 499 904 tuae
519 847 657 904 sustenta
680 847 709 903 et
731 847 825 904 tuere.

296 948 324 1026 3,
345 948 383 1010 61
412 945 559 1030 Uterque,
587 947 617 1008 si
643 946 686 1009 acl
714 946 918 1030 eloquendum
946 946 1080 1024 amerit,
1111 963 1175 1006 non
1199 945 1275 1026 plus
1303 962 1396 1026 quam

213 1052 307 1113 semel
329 1052 501 1136 eloquetur]
524 1051 567 1114 acl
589 1051 775 1134 loquenolam
797 1071 852 1135 po.

296 1155 325 1235 3,
350 1159 408 1219 111
432 1155 566 1218 Nudum
582 1157 677 1218 »enim
704 1159 862 1220 uinculum
889 1155 933 1219 acl
953 1154 1191 1239 astrinqenclam
1204 1151 1305 1233 ficlem
1327 1151 1396 1212 lure

213 1261 351 1324 luranalo
375 1299 410 1306 -
435 1263 536 1324 artius
558 1263 633 1341 esse]
655 1261 872 1345 strinqenclam
893 1281 949 1344 po.

297 1471 442 1552 Itemque
470 1469 521 1534 his
555 1469 635 1534 locis
662 1469 791 1535 codices
821 1469 886 1532 aZ
917 1469 1081 1554 profectos
1109 1487 1243 1533 necesse
1271 1472 1321 1533 est
1348 1487 1397 1531 se-

216 1595 367 1656 quamur,
398 1574 564 1655 quonium,
594 1594 677 1655 quus
703 1595 750 1659 pa
778 1575 924 1654 trudunt,
953 1595 992 1640 ea
1020 1579 1077 1639 aut
1103 1573 1202 1638 nihilo
1230 1577 1398 1657 praestant

216 1679 274 1760 eis,
298 1697 381 1760 quae
403 1679 553 1761 leguntur
575 1680 608 1748 in
630 1679 705 1762 illis,
729 1685 785 1744 aut
808 1681 937 1745 omnino
961 1685 1034 1743 sunt
1055 1679 1150 1743 salsa.
1272 1706 1275 1712 ¹

299 1786 328 1865 3,
351 1786 392 1848 80
413 1787 638 1870 colleqiumque
654 1788 867 1870 praetorium]
889 1793 1077 1868 praetorum
1099 1805 1155 1868 po.
1194 1783 1399 1864 Quamquam

218 1888 330 1954 Cicero
355 1891 462 1974 colloq.
479 1898 665 1974 praetorum
694 1890 759 1955 alio
787 1909 918 1973 quoque
939 1891 1010 1955 loco
1036 1895 1108 1974 (pro
1129 1888 1226 1954 Aroh.
1248 1887 1282 1972 9)
1307 1885 1397 1966 dixit,

218 1995 288 2058 coll.
300 1997 497 2078 praetorium
516 2016 580 2060 non
598 1997 684 2078 item,
705 1995 897 2077 omninoque
915 1995 957 2058 ud
972 1997 1136 2080 colleqlum
1151 1995 1252 2058 multo
1268 1993 1399 2077 saepius

218 2099 403 2182 genetivum
421 2101 538 2184 plural.
554 2101 693 2167 nominis
711 2120 807 2182 quam
825 2101 1021 2167 adiectivnm
1039 2100 1191 2185 apposuit
1209 2100 1264 2184 (of.
1276 2100 1399 2180 Mergu.

217 2205 310 2270 lenl
329 2205 414 2286 629),
437 2227 507 2280 nou
523 2207 627 2271 minus
651 2213 759 2272 tamon
776 2210 977 2290 praetorium
999 2225 1095 2288 quam
1113 2213 1298 2290 praetorum
1322 2201 1401 2269 ferri

217 2317 339 2396 potest3
374 2311 496 2394 of.p1·o
528 2311 717 2389 Quinum
746 2320 854 2379 contra
883 2350 919 2357 —
951 2313 1055 2376 aelicta
1077 2317 1279 2396 praetorum,
1309 2309 1400 2373 Vorr.

219 2419 247 2497 3,
270 2419 308 2480 17
330 2419 365 2480 c‘n
387 2418 496 2481 ealictis
514 2419 695 2500 praetoriis.
834 2427 835 2432 ’

300 2524 329 2602 3,
352 2523 392 2586 30
423 2524 553 2586 multam
584 2524 749 2588 utilitatem
781 2524 829 2586 rel
850 2523 999 2604 publicae
1027 2558 1063 2566 -
1093 2519 1236 2601 adferre]
1268 2520 1401 2582 multum

208 2628 365 2696 ,utilitatis
394 2647 450 2711 po.
492 2627 671 2709 Utrumque
702 2627 803 2692 latine
840 2625 904 2690 dici
938 2630 1062 2710 potest,
1101 2625 1317 2703 of.Tuso.1,
1341 2625 1400 2687 103

220 2717 357 2797 Multam
390 2770 422 2778 ω
455 2751 595 2816 operam,
626 2735 737 2813 arnici,
759 2732 895 2814 frustra
923 2733 1100 2814 consumpsi
1131 2735 1202 2794 'cum
1230 2729 1319 2792 Brut.
1341 2730 1401 2793 306

219 2841 351 2902 multum
381 2857 494 2922 operae
521 2837 643 2900 elabam.
686 2838 736 2901 Ex
764 2836 925 2902 contrario
947 2837 982 2918 2,
1004 2836 1044 2900 67
1068 2840 1100 2900 et
1121 2837 1156 2916 2,
1180 2837 1219 2898 76
1246 2855 1306 2918 pro
1326 2836 1401 2917 pl-

219 2947 332 3008 rirnum
363 2945 489 3027 ¹qratc'aa
522 2947 553 3006 et
584 2949 706 3006 tantum
736 2979 772 2987 -
802 2945 952 3026 pecuniae
982 2940 1016 3005 iu
1050 2941 1131 3025 Lpo
1165 2940 1319 3024 scriptum
1352 2944 1403 3004 est

220 3051 376 3131 plurimas
397 3049 520 3134 quatias
543 3051 575 3112 et
598 3054 720 3127 tantam
741 3086 779 3094 -
801 3050 976 3130 pecuniam.

304 3157 332 3231 3,
356 3159 375 3216 7
398 3155 574 3218 deliberare
595 3152 734 3216 bomines
762 3160 792 3216 et
819 3153 995 3233 consultare
1017 3150 1199 3232 deqsseio]
1222 3149 1260 3212 cle
1288 3147 1403 3229 aflatus

223 3275 278 3338 po.
308 3257 356 3320 Of.
379 3261 408 3338 3,
430 3261 480 3340 63,
502 3258 558 3324 ubi
581 3259 619 3321 cle
641 3258 758 3340 (officiis
782 3258 870 3322 solus
892 3279 913 3343 p
937 3257 1045 3322 exhib.
1068 3277 1127 3340 pro
1150 3255 1188 3318 cle
1210 3253 1328 3336 officia

306 3364 334 3441 1,
356 3363 376 3425 6
399 3363 482 3439 Quae
503 3383 688 3449 quamquam
711 3366 756 3426 ita
778 3371 850 3428 sunt
870 3365 904 3427 in
920 3361 1084 3450 promptu]
1109 3363 1174 3424 sint
1193 3379 1250 3443 poN
1263 3359 1299 3421 B.

306 3468 334 3544 3,
357 3467 397 3530 32
420 3476 583 3549 coeperunt
605 3475 633 3532 et
654 3467 774 3556 nocent]
799 3471 936 3551 ceperint
956 3487 1011 3552 po.

306 3573 334 3652 3,
357 3574 397 3636 10
419 3571 504 3635 Num
525 3577 627 3656 iqitur
647 3593 678 3636 se
699 3575 850 3638 ostrinait
871 3575 997 3653 scelera,
1025 3574 1056 3635 si
1082 3573 1136 3656 qui
1164 3578 1334 3655 tyrannum
1356 3587 1403 3630 oc·

223 3677 315 3759 aiau]
338 3678 486 3742 occiderit
506 3698 563 3762 po.

306 3786 334 3865 3,
357 3785 397 3848 38
420 3785 548 3848 sustulit
559 3804 634 3868 quos
645 3784 764 3847 obstare
777 3780 1006 3869 arbitrabatur]
1022 3774 1405 3861 arbitrareturpo,quod

224 3889 337 3955 Cicero
360 3909 423 3953 non
446 3889 550 3957 minus
573 3893 649 3974 apte
672 3887 779 3954 dicore
795 3885 910 3971 potuit.
945 3886 993 3952 of.
1011 3885 1138 3950 Kuehn.
1161 3904 1208 3967 gr.
1219 3883 1276 3946 lut.
1287 3883 1321 3950 II
1335 3883 1405 3946 790.

305 3998 335 4075 2,
357 3997 398 4059 49
422 4016 491 4058 cum
512 3998 575 4057 sint
599 4029 635 4040 -
658 3994 807 4076 multique
830 4029 867 4038 -
891 3994 1025 4056 assecuti
1045 3988 1120 4076 sint]
1144 4009 1205 4052 oss.
1225 3995 1300 4052 sunt
1321 4007 1377 4071 po.

211 4163 214 4169 .
306 4102 335 4180 3,
359 4103 400 4163 44
422 4099 683 4163 Norusc'amnia
702 4097 863 4179 facienda
883 4099 964 4178 sint,
985 4135 1025 4142 —
1047 4115 1110 4158 non
1139 4096 1300 4157 amicitiae
1328 4095 1407 4156 tales

224 4239 266 4249 -
283 4205 450 4288 putandae
470 4206 546 4284 sint]
564 4211 633 4286 put.
655 4211 727 4267 sunt
748 4224 812 4288 ρος
835 4222 856 4285 p
879 4200 986 4268 exhib.
1010 4201 1109 4267 etiam
1120 4199 1282 4282 facienda
1302 4203 1388 4261 sunt.¹
